5375 6209
862 572 1595 692 'susooumuesscounss
1767 565 1772 586 ··
1859 679 1862 686 ¹
2020 561 2227 676 «1457.

364 701 538 840 insariam
558 708 685 859 nones*
706 760 877 840 atatam,
891 758 954 855 sed
972 760 1014 830 ai
1039 759 1150 830 urdine
1171 755 1246 829 Aa·
1291 753 1343 828 sed
1364 713 1505 829 excludit
1530 746 1751 846 successores,
1773 760 1809 828 &
1835 750 1912 826 dicit
1937 748 2100 834 Infinitum
2128 754 2174 829 fi·

363 890 424 938 ren
440 868 487 935 ad.
500 868 645 934 ordinem
669 860 871 958 Messiasedei
891 860 1112 935 translatam,
1133 860 1155 928 i.
1170 880 1197 928 e.
1222 879 1245 926 a
1290 854 1406 928 crificii
1426 847 1627 928 essendone
1657 873 1813 924 eternum
1833 855 1965 924 vivente
1983 852 2084 926 oblati
2108 858 2177 928 vir-

339 1033 350 1042 ,,
363 974 496 1036 eruenta
513 961 560 1036 65
575 984 646 1030 snm
658 960 817 1056 sssngniae
835 962 880 1028 ad
891 961 1093 1039 incessentem
1112 953 1160 1032 87
1168 956 1245 1052 fine
1290 972 1422 1034 tutem,
1446 952 1604 1049 huiusque
1617 948 1876 1024 intercessionem
1897 974 2074 1049 perennem
2082 958 2119 1047 (7
2126 958 2172 1045 9).

358 1062 540 1160 sanguine,
565 1061 658 1155 pisale
672 1069 744 1129 erat
747 1056 968 1152 sacerdotium
985 1053 1033 1130 δ’
1042 1052 1245 1149 stamfieissn
1569 1133 1573 1144 ι

361 1157 586 1252 Melchisedel,
610 1159 794 1255 pepponis
817 1154 993 1232 &asam
1013 1153 1244 1252 offerrimr.
1274 1165 1290 1190 ·'’
1340 1144 1381 1248 ᾗ
1434 1147 1572 1226 XXIII.
1592 1148 1686 1246 IV.)
1722 1144 1847 1221 Eadem
1873 1146 2027 1222 facilitate
2052 1147 2173 1224 consuss

363 1262 399 1331 bi
425 1261 510 1329 enim
535 1258 699 1329 translata
723 1256 790 1352 iege
810 1258 849 1350 sle
877 1256 1075 1351 antiquam
1106 1275 1244 1338 nouam,
1291 1263 1400 1321 tantur
1416 1268 1604 1348 argumente
1624 1245 1706 1330 alia,
1729 1272 1748 1317 a
1769 1243 1867 1320 simili
1888 1247 2035 1345 analogio
2051 1254 2173 1346 petita,

362 1355 527 1430 translata
539 1354 623 1451 sent
635 1356 867 1452 fiscannense,
892 1378 951 1423 eser
972 1377 1037 1426 aaa
1064 1351 1171 1423 debuit
1182 1350 1246 1447 sa·
1290 1346 1573 1442 quindennis,
1587 1346 1791 1444 sacrificinm
1806 1343 1908 1447 adeffe
1927 1349 1963 1420 in
1976 1370 2059 1417 novo
2077 1348 2171 1445 resin.
2241 1391 2262 1414 .

362 1456 519 1549 srsfiriuan
537 1451 743 1551 transferri?
768 1476 828 1524 eser
843 1457 879 1524 in
903 1454 971 1551 lege
990 1473 1101 1542 naua,
1122 1454 1157 1523 in
1177 1474 1245 1546 qssa
1290 1458 1397 1518 menso
1409 1452 1537 1527 debere,
1550 1450 1630 1544 quin
1648 1449 1753 1548 adfine
1765 1445 2171 1541 &fiscaliatesEmen

328 1599 330 1604 ·
353 1556 440 1650 sunt
455 1553 664 1648 fiarramenta
694 1553 726 1641 {a
749 1555 905 1624 omnibus
941 1549 1090 1647 distiniia
1106 1601 1121 1630 ,
1139 1549 1244 1645 suum
1291 1543 1459 1622 &altare
1483 1549 1565 1618 Ebc.
1581 1547 1691 1622 XIII.
1708 1572 1759 1642 ιο.
1810 1554 1854 1621 At
1880 1547 1973 1643 prior
1990 1543 2080 1617 lucus
2104 1570 2173 1617 non
2282 1569 2285 1576 ·

362 1677 430 1725 nan
443 1651 727 1746 eritfiacersiatium
744 1647 1030 1748 &sacrifiriemi
1054 1645 1245 1746 Responde·
1291 1646 1360 1741 egit
1392 1645 1434 1717 de
1449 1646 1672 1742 fiseerdatiius
1693 1647 1909 1745 christianis,
1943 1668 2013 1740 quo
2036 1648 2173 1717 nomine

315 1791 317 1796 ·
362 1775 458 1830 mus,
482 1747 751 1846 nonprocedere
777 1747 1065 1845 consequentiam,
1090 1744 1180 1841 quod
1207 1749 1243 1816 in
1291 1741 1404 1817 nullibi
1421 1747 1456 1816 in
1476 1747 1509 1815 S.
1528 1740 1683 1842 scripture
1701 1749 1834 1819 veniunt
1855 1741 1993 1816 eeclesiae
2015 1743 2173 1823 ministri,

360 1846 532 1921 christiana
554 1851 660 1940 [etium
687 1845 813 1919 ecclesia
840 1846 976 1920 debenus
996 1840 1061 1919 csse
1086 1841 1242 1917 sacrificia
1288 1837 1345 1914 sed
1365 1841 1408 1915 de
1430 1844 1591 1917 Leviticis.
1627 1845 1748 1918 Altam
1769 1849 1802 1917 in
1818 1841 1995 1941 posteriore
2008 1840 2089 1914 loco
2103 1867 2172 1916 non

357 1940 556 2042 proprie-lic
575 1944 686 2033 dius,
711 1950 785 2044 quia
808 1943 881 2017 teliu
907 1942 1034 2017 fuerint
1054 1948 1088 2017 in
1110 1939 1241 2015 ecclesis
1288 1936 1392 2013 infert
1406 1938 1668 2015 continuandum
1683 1943 1813 2018 ulterius
1830 1939 2045 2015 sucrificium:
2068 1964 2172 2039 neque

355 2044 507 2118 iudaicae
546 2068 623 2117 nom
652 2042 798 2121 sublatis,
823 2069 881 2140 per
908 2049 1043 2117 unicum
1064 2041 1185 2114 Christi
1206 2044 1242 2113 in
1290 2040 1382 2114 enim
1410 2040 1511 2112 estare
1528 2037 1715 2138 intelligitur
1738 2042 1930 2117 materiale,
1957 2063 2032 2112 cusu
2055 2034 2175 2114 diserte

357 2165 456 2215 cruce
472 2145 641 2238 persillum
655 2137 878 2220 sacrificium,
904 2145 1050 2214 innovo
1070 2138 1243 2212 testamen·
1289 2136 1424 2210 iudaicis
1445 2135 1617 2212 visibilibus
1641 2161 1828 2240 opponetur
1856 2165 1887 2212 v.
1913 2163 1963 2217 ιι.
1985 2133 2041 2211 sed
2065 2136 2174 2233 mysti-

354 2259 394 2312 to
409 2243 490 2335 typis
507 2238 798 2336 &figurisveteris
814 2240 1011 2320 testamenti,
1025 2237 1151 2310 nullum
1172 2263 1241 2310 um·
1290 2240 1416 2323 cnm,i.
1437 2264 1466 2311 e.
1487 2235 1635 2311 Christus
1666 2244 1800 2338 eiusque
1816 2262 1897 2314 crux
1925 2262 1955 2309 v.
1981 2261 2042 2315 sa,
2055 2261 2107 2326 15.
2131 2263 2172 2312 ex

311 2411 326 2420 ,
352 2331 438 2437 plius
460 2342 494 2406 in
525 2361 615 2409 novo
649 2337 842 2426 telinsnento
868 2338 980 2410 locum
999 2338 1097 2410 haber
1123 2335 1242 2409 seculi·
1289 2334 1359 2431 quo
1380 2333 1664 2418 manducandum,
1688 2344 1811 2411 nonin
1832 2362 1901 2436 quo
1922 2333 2172 2411 sacrificandum

354 2442 443 2510 cium
465 2454 635 2508 externum
673 2438 845 2535 roprie·fic
859 2435 994 2509 dieium.
1045 2438 1162 2509 Omnis
1177 2436 1242 2508 Dei
1274 2454 1320 2504 a.
1337 2441 1456 2524 so.‚in
1473 2460 1541 2534 quo
1552 2434 1655 2507 oblati
1678 2454 1766 2509 extro
1785 2437 1898 2508 urbem
1916 2432 2060 2506 benificii
2077 2459 2107 2506 u.
2121 2459 2183 2514 ιι.

337 2535 459 2610 *cultus
489 2534 606 2632 pendet
632 2462 674 2618 ab
702 2531 850 2608 eiusdem
878 2531 1107 2624 ordinatioue3
1139 2533 1241 2604 voluit
1288 2537 1461 2632 participes
1482 2527 1547 2605 elie
1564 2560 1634 2607 non
1655 2527 1810 2633 possunt,
1834 2538 1891 2632 qui
1914 2531 2041 2629 templo
2063 2534 2172 2609 hiero·

356 2650 466 2705 autem
488 2631 845 2718 Cbsillueadnunciari
865 2633 954 2709 suam
977 2654 1119 2706 mortem
1148 2637 1183 2704 in
1206 2633 1239 2702 S.
1288 2628 1739 2726 solymitanoecceremonits
1752 2635 1886 2707 iudaicis
1898 2629 2062 2704 edisserent
2078 2657 2111 2709 v.
2121 2659 2170 2707 ιο.

355 2755 472 2806 coene,
501 2735 656 2831 tanquam
681 2729 906 2812 sacramento,
931 2741 965 2806 ἅ
984 2730 1240 2805 commemorari
1286 2755 1348 2803 nec
1362 2757 1440 2806 cum
1454 2734 1605 2807 Domino
1617 2750 1704 2807 extra
1718 2752 1826 2834 portus
1841 2727 2061 2831 egrediuntur.
2075 2755 2106 2805 u.
2121 2757 2169 2821 13.

334 2825 624 2901 sacrificationem
647 2831 682 2901 iu
704 2855 801 2902 cruce
814 2828 958 2909 felium,
985 2855 1052 2902 nou
1067 2826 1239 2927 repraesen·
1992 2881 1996 2888 .

351 2931 419 2998 tari
437 2953 493 3025 per
508 2952 628 2999 novam
646 2935 683 3003 δι
707 2928 892 3002 distinctam
911 2931 953 3002 ab
975 2955 1012 3001 ea
1034 2927 1239 3000 immolatio·
1337 2926 1382 3031 §.-
1404 2929 1539 3010 XXIV.
1564 2930 1642 3021 V.)
1678 2931 1852 3028 speciatim
1888 2929 1955 3005 hoc
1988 2928 2054 3003 line
2077 2950 2172 3032 urget

355 3048 447 3099 uem.
473 3028 706 3120 Eicseptiones2
731 3052 810 3125 ques
825 3026 898 3100 heio
911 3031 1039 3127 oggerit
1056 3043 1148 3125 peter
1161 3047 1239 3124 pur·
1285 3024 1322 3097 T
1332 3039 1453 3101 oun'n
1466 3055 1545 3102 unu
1560 3034 1575 3122 (
1590 3027 1660 3122 so)
1690 3027 1801 3102 locum
1832 3032 1943 3105 rCor.
1963 3033 2016 3104 X.
2039 3036 2078 3104 16
2085 3080 2098 3114 ,
2116 3047 2170 3116 18.

350 3127 515 3223 puratos,
540 3124 611 3195 Iunc
637 3152 733 3199 suere
763 3128 932 3226 petitiones
962 3126 1123 3226 principii.
1176 3129 1237 3199 sn·
1275 3127 1373 3227 seqq.
1395 3135 1432 3201 &
1455 3128 1551 3200 dicit:
1576 3132 1846 3225 quemadmodum
1867 3135 1983 3203 Iudaei
1998 3131 2072 3219 Dea
2093 3153 2170 3206 vera

352 3220 503 3298 cerdores
518 3222 653 3319 quidem
665 3221 739 3296 sunt
753 3228 789 3297 in
804 3251 894 3298 novo
911 3227 1099 3299 testamento
1113 3228 1185 3319 (78
1197 3221 1235 3312 )n
1287 3225 1336 3303 CI
1361 3227 1504 3304 Gentiles
1533 3226 1626 3299 idolis
1653 3252 1691 3298 ac
1711 3231 1886 3302 daemoniis
1909 3251 1989 3300 vera
2002 3229 2170 3325 fiacrificia

309 3365 312 3372 ·
335 3326 390 3396 ’ᾱ
414 3315 486 3393 suut
502 3327 601 3392 etiam
620 3320 796 3396 sacrificio:
811 3320 876 3415 sed
891 3322 1088 3399 sacerdotum
1111 3346 1237 3395 nomen
1286 3325 1482 3424 afferebant,
1509 3329 1559 3399 ita
1578 3325 1625 3401 EI
1642 3326 1805 3420 clrssiani
1820 3325 2041 3422 eucharistiam
2059 3340 2098 3398 sat
2118 3353 2169 3402 ue·
2274 3351 2278 3358 “

348 3442 534 3494 commune
555 3418 652 3493 estin
665 3445 742 3493 uon.
755 3423 822 3495 teli.
840 3421 978 3496 ecclesiae
991 3421 1142 3494 minislris
1158 3444 1235 3504 cum
1284 3451 1361 3498 essm
1387 3450 1426 3496 ns
1441 3430 1577 3520 proprie
1601 3423 1719 3498 dinan
1738 3424 1879 3523 effuant
1889 3423 2105 3522 fiacriſssiuns':
2132 3431 2168 3499 id

348 3513 484 3614 reliquis
501 3515 674 3608 fidelibus3
700 3523 885 3594 communis
899 3524 999 3620 igitur
1014 3544 1147 3620 quoque
1162 3514 1235 3591 sunt
1284 3523 1449 3621 manifeste
1475 3526 1635 3618 importat
1655 3529 1793 3604 mentia,
1817 3548 1916 3623 qaam
1935 3524 2094 3621 opiniosus
2105 3526 2169 3623 sa·
2217 3605 2224 3612 ,

349 3609 537 3696 sacrificia)
560 3617 709 3691 videlicet
724 3619 908 3718 spiritualia.
959 3617 1245 3702 Conclufioavc·3
1284 3627 1355 3715 cit,
1379 3626 1520 3718 mensae,
1563 3625 1699 3700 nitaris,
1738 3621 1942 3713 tonsarum,
1977 3625 2169 3698 immolatio·

350 3713 415 3789 teri
428 3711 552 3813 legend
565 3741 688 3790 novem
701 3717 809 3791 multis
822 3719 977 3791 instantiis
989 3717 1094 3813 potest
1117 3713 1234 3787 infrin-
1283 3726 1358 3802 nis,
1379 3720 1600 3816 societatis&
1616 3725 1909 3796 communicationis
1925 3727 2094 3812 intensos,
2110 3728 2170 3820 qui

348 3814 397 3914 gi.
426 3814 460 3882 Si
475 3810 577 3886 sensui
596 3815 806 3889 oraculorum
819 3813 933 3889 literali
955 3815 994 3887 sst
1012 3813 1248 3914 infisteudum„
1284 3825 1425 3895 eiusdem
1451 3821 1576 3918 mensae
1589 3821 1674 3917 suns
1693 3826 1892 3918 participes:
1922 3823 2030 3918 mensa
2059 3836 2167 3908 antem
2191 3889 2195 3902 ,

350 3913 434 4009 esigi
454 3912 553 3985 altare
566 3913 745 4012 lapideum,
773 3916 921 4015 conquiri
935 3941 974 3989 ex
990 3913 1076 3984 tribu
1089 3915 1167 3986 Levi
1186 3906 1233 3984 se·
1283 3922 1423 3996 Domini
1442 3921 1580 4014 istcinest
1598 3945 1636 3990 ae
1655 3921 1781 4000 altare,
1805 3927 1891 4019 quod
1910 3926 1955 3994 ad
1966 3913 2167 4018 fiserificissm
2230 4001 2236 4008 ,

347 4010 519 4088 oesdotes.
544 4012 713 4084 immolari
727 4012 817 4087 vituli
832 4016 964 4088 debent:
991 4035 1042 4083 res
1062 4015 1161 4111 igitur·
1172 4036 1233 4082 no·
1283 4024 1460 4094 ordinatur
1486 4021 1560 4091 Ebr
1600 4019 1714 4093 XIII.
1744 4045 1792 4091 10.
1844 4020 1896 4095 Ad
1924 4018 2035 4092 ultimo
2068 4021 2166 4092 verim

348 4111 384 4188 ni
398 4110 578 4183 testamenti
592 4113 817 4209 metaphorice
828 4109 993 4208 descriptae
1008 4110 1232 4213 cultui,quem
1282 4117 1363 4219 quid
1382 4115 1572 4217 responderi
1593 4118 1728 4198 debent,
1755 4116 1859 4190 modo
1882 4117 2105 4190 ostendimus:
2128 4122 2165 4192 in

348 4206 555 4303 evengelium
573 4207 767 4309 praescribit,
792 4214 1023 4284 convenienter
1042 4210 1113 4283 suut
1133 4209 1234 4306 expli·'
1282 4217 1358 4290 loco
1383 4241 1494 4289 autem
1509 4243 1526 4289 1
1544 4219 1622 4293 Cor.
1639 4219 1686 4289 X.
1709 4214 1942 4289 attendendum
1967 4214 2012 4287 cll
2034 4214 2077 4287 ed
2090 4229 2165 4289 -terss

347 4302 470 4382 eunde.
494 4306 720 4386 Sacerdotium
733 4308 953 4382 entissime
971 4308 1013 4380 V
1008 4312 1058 4382 ΙΙ.
1079 4335 1127 4387 ιι.
1150 4313 1234 4382 eius·
1282 4320 1367 4390 tium
1391 4318 1672 4415 comparationis,
1699 4313 1788 4411 quod
1811 4314 1858 4394 „ed
1876 4316 2164 4410 participationem

348 4412 415 4507 que
429 4408 585 4478 eternitas
599 4430 630 4478 v.
643 4431 679 4496 3.
707 4433 776 4480 non
795 4403 893 4479 infert
913 4406 1101 4481 sacrificium
1129 4427 1234 4482 exter·
1280 4411 1428 4514 respicit,
1452 4442 1520 4487 non
1534 4414 1575 4487 ad
1591 4419 1708 4488 aitaris
1728 4414 1776 4485 vel
1787 4412 1945 4511 fissrifieii
1967 4415 2163 4510 paritatem,

349 4527 434 4578 uum
456 4528 515 4600 per
541 4504 707 4579 ministros
729 4510 878 4605 quotidie
902 4502 1131 4582 offerendume
1156 4504 1232 4581 alias
1282 4540 1319 4588 ut
1334 4540 1426 4588 mens
1441 4515 1578 4612 spolioli
1602 4512 1665 4588 fit:
1690 4512 1901 4594 Corinthios,
1925 4535 2024 4583 coense
2043 4513 2164 4585 Domi·
2200 4571 2207 4580 ,

350 4627 414 4675 uec
439 4606 659 4702 interrumpi,
685 4607 773 4676 iuxta
804 4602 1064 4679 Romeneussum
1094 4607 1232 4708 placite,
1280 4619 1314 4687 ni
1334 4616 1509 4711 participes
1531 4612 1639 4686 fabios
1654 4668 1669 4694 ,
1694 4622 1729 4686 δι
1749 4636 1825 4684 cum
1850 4610 1984 4684 Christo
2008 4635 2163 4700 commu-

348 4723 409 4799 per
441 4698 587 4774 crudeles
616 4704 806 4776 Antichrilli
842 4701 1079 4803 persecutiones
1108 4701 1233 4808 poll'et,
1280 4718 1416 4787 nioncm
1438 4713 1617 4805 hebentes,
1640 4716 1772 4809 eiusque
1790 4708 1984 4809 religionem
2008 4708 2163 4807 profiten-

348 4823 413 4876 ues
444 4793 561 4875 cessare
596 4801 633 4875 in
665 4807 730 4876 uita
751 4823 868 4880 aetetna
890 4800 1087 4881 sacrificium
1115 4800 1234 4898 milies
1280 4832 1349 4907 tes,
1364 4806 1554 4887 ¹Gentilium
1569 4814 1752 4896 conviviis,
1775 4808 1835 4886 ubi
1856 4813 1892 4885 iu
1910 4807 2081 4885 idolorum
2101 4809 2164 4882 bo·
2232 4903 2240 4915 ‚

464 4938 471 4952 '
681 4963 683 4968 -
2040 4931 2160 4985 notem

328 5075 1232 5252 xn,
1435 5118 1738 5222 lme-

327 5391 341 5402 ,
456 5279 627 5360 Tmoli
803 5299 808 5312 “
1333 5283 1473 5385 Mnus!
