<?xml version="1.0" encoding="UTF-8"?>
<!DOCTYPE html PUBLIC "-//W3C//DTD XHTML 1.0 Transitional//EN"
    "http://www.w3.org/TR/xhtml1/DTD/xhtml1-transitional.dtd">
<html xmlns="http://www.w3.org/1999/xhtml" xml:lang="en" lang="en">
 <head>
  <title>
</title>
<meta http-equiv="Content-Type" content="text/html;charset=utf-8" />
  <meta name='ocr-system' content='tesseract 3.04.00' />
  <meta name='ocr-capabilities' content='ocr_page ocr_carea ocr_par ocr_line ocrx_word'/>
</head>
<body>
  <div class='ocr_page' id='page_1' title='image "./locitheologicic05cottgoog/locitheologicic05cottgoog_0670.png"; bbox 0 0 5375 6209; ppageno 0'>
   <div class='ocr_carea' id='block_1_1' title="bbox 868 495 2245 636">
    <p class='ocr_par' dir='ltr' id='par_1_1' title="bbox 868 495 2245 636">
     <span class='ocr_line' id='line_1_1' title="bbox 868 495 2245 636; baseline 0.009 -36"><span class='ocrx_word' id='word_1_1' title='bbox 868 525 937 600; x_wconf 82' lang='lat' dir='ltr'><em>aa</em></span> <span class='ocrx_word' id='word_1_2' title='bbox 962 521 1351 601; x_wconf 78' lang='lat' dir='ltr'><em>naaostmona</em></span> <span class='ocrx_word' id='word_1_3' title='bbox 1384 495 1827 605; x_wconf 71' lang='lat' dir='ltr'><em>sacrament-m.</em></span> <span class='ocrx_word' id='word_1_4' title='bbox 2171 559 2245 636; x_wconf 74' lang='lat'><em>337</em></span> 
     </span>
    </p>
   </div>
   <div class='ocr_carea' id='block_1_2' title="bbox 393 699 2393 5225">
    <p class='ocr_par' dir='ltr' id='par_1_2' title="bbox 393 699 2393 5225">
     <span class='ocr_line' id='line_1_2' title="bbox 449 699 2241 810; baseline 0 -26"><span class='ocrx_word' id='word_1_5' title='bbox 449 708 627 785; x_wconf 89' lang='lat' dir='ltr'><em>dicandum</em></span> <span class='ocrx_word' id='word_1_6' title='bbox 650 700 712 779; x_wconf 82' lang='lat' dir='ltr'><em>esl&#39;e</em></span> <span class='ocrx_word' id='word_1_7' title='bbox 737 699 875 786; x_wconf 78' lang='lat' dir='ltr'>adserit,</span> <span class='ocrx_word' id='word_1_8' title='bbox 894 726 929 776; x_wconf 92' lang='lat' dir='ltr'><em>ur</em></span> <span class='ocrx_word' id='word_1_9' title='bbox 956 730 1028 804; x_wconf 84' lang='lat' dir='ltr'><em>cap.</em></span> <span class='ocrx_word' id='word_1_10' title='bbox 1054 705 1262 799; x_wconf 71' lang='lat' dir='ltr'><em>consuetudo,</em></span> <span class='ocrx_word' id='word_1_11' title='bbox 1288 711 1324 778; x_wconf 75' lang='grc' dir='ltr'><em>δε</em></span> <span class='ocrx_word' id='word_1_12' title='bbox 1371 720 1441 782; x_wconf 88' lang='lat' dir='ltr'><em>tur,</em></span> <span class='ocrx_word' id='word_1_13' title='bbox 1478 704 1518 777; x_wconf 91' lang='lat' dir='ltr'><em>ad</em></span> <span class='ocrx_word' id='word_1_14' title='bbox 1541 726 1702 803; x_wconf 78' lang='lat' dir='ltr'><em>aegrotos,</em></span> <span class='ocrx_word' id='word_1_15' title='bbox 1734 713 1919 804; x_wconf 81' lang='lat' dir='ltr'><em>peregrinor</em></span> <span class='ocrx_word' id='word_1_16' title='bbox 1938 729 2036 810; x_wconf 83' lang='lat' dir='ltr'><em>atqua</em></span> <span class='ocrx_word' id='word_1_17' title='bbox 2055 709 2156 792; x_wconf 88' lang='lat' dir='ltr'><em>alioe,</em></span> <span class='ocrx_word' id='word_1_18' title='bbox 2184 717 2241 810; x_wconf 92' lang='lat' dir='ltr'><em>qui</em></span> 
     </span>
     <span class='ocr_line' id='line_1_3' title="bbox 450 803 2306 983; baseline -0.004 -7"><span class='ocrx_word' id='word_1_19' title='bbox 450 811 680 978; x_wconf 32' lang='lat' dir='ltr'><em>{appropia</em></span> <span class='ocrx_word' id='word_1_20' title='bbox 695 803 1325 974; x_wconf 63' lang='lat' dir='ltr'><em>lile?tillllttttllllt‘t</em></span> <span class='ocrx_word' id='word_1_21' title='bbox 1370 803 1534 972; x_wconf 51' lang='lat' dir='ltr'><em>illlis-e</em></span> <span class='ocrx_word' id='word_1_22' title='bbox 1555 803 1644 972; x_wconf 59' lang='lat' dir='ltr'><em>‘ius‘</em></span> <span class='ocrx_word' id='word_1_23' title='bbox 1661 808 1806 973; x_wconf 47' lang='lat' dir='ltr'><em>llll</em></span> <span class='ocrx_word' id='word_1_24' title='bbox 1827 806 1976 889; x_wconf 64' lang='lat' dir='ltr'><em>f&#39;¹“⁰¹¹‘&#39;</em></span> <span class='ocrx_word' id='word_1_25' title='bbox 2003 805 2242 983; x_wconf 48' lang='lat' dir='ltr'><em>„putenm</em></span> <span class='ocrx_word' id='word_1_26' title='bbox 2298 893 2306 909; x_wconf 93' lang='lat'><strong>·</strong></span> 
     </span>
     <span class='ocr_line' id='line_1_4' title="bbox 448 929 2302 1169; baseline 0.003 -99"><span class='ocrx_word' id='word_1_27' title='bbox 448 929 694 1090; x_wconf 56' lang='lat' dir='ltr'><em>ddnlicparrd-cid</em></span> <span class='ocrx_word' id='word_1_28' title='bbox 721 931 1187 1099; x_wconf 56' lang='lat' dir='ltr'><em>gen.ca15.121d.§.exquo:</em></span> <span class='ocrx_word' id='word_1_29' title='bbox 1216 955 1322 1070; x_wconf 73' lang='lat' dir='ltr'><em>Velui</em></span> <span class='ocrx_word' id='word_1_30' title='bbox 1369 1002 1403 1105; x_wconf 81' lang='lat' dir='ltr'><em>in</em></span> <span class='ocrx_word' id='word_1_31' title='bbox 1423 1024 1489 1093; x_wconf 91' lang='lat' dir='ltr'><em>quo</em></span> <span class='ocrx_word' id='word_1_32' title='bbox 1503 930 2243 1169; x_wconf 39' lang='lat' dir='ltr'><em>ssffltidllavdlaeenslmslllrdtlrllillltere,vldrlgls</em></span> <span class='ocrx_word' id='word_1_33' title='bbox 2287 949 2302 1074; x_wconf 36' lang='grc' dir='ltr'><em>,Ι</em></span> 
     </span>
     <span class='ocr_line' id='line_1_5' title="bbox 446 1099 2243 1202; baseline -0.003 -27"><span class='ocrx_word' id='word_1_34' title='bbox 446 1105 521 1175; x_wconf 84' lang='lat' dir='ltr'><em>ercle</em></span> <span class='ocrx_word' id='word_1_35' title='bbox 546 1128 622 1176; x_wconf 77' lang='lat' dir='ltr'><em>aex</em></span> <span class='ocrx_word' id='word_1_36' title='bbox 648 1101 868 1196; x_wconf 78' lang='lat' dir='ltr'><em>constentndine</em></span> <span class='ocrx_word' id='word_1_37' title='bbox 890 1103 1096 1171; x_wconf 80' lang='lat' dir='ltr'><em>detentorem</em></span> <span class='ocrx_word' id='word_1_38' title='bbox 1109 1100 1159 1168; x_wconf 85' lang='lat' dir='ltr'><em>oei</em></span> <span class='ocrx_word' id='word_1_39' title='bbox 1170 1111 1322 1169; x_wconf 86' lang='lat' dir='ltr'><em>trecento·</em></span> <span class='ocrx_word' id='word_1_40' title='bbox 1369 1103 1447 1166; x_wconf 82' lang='lat' dir='ltr'><em>ltine</em></span> <span class='ocrx_word' id='word_1_41' title='bbox 1467 1099 1499 1166; x_wconf 92' lang='lat' dir='ltr'><em>di</em></span> <span class='ocrx_word' id='word_1_42' title='bbox 1528 1123 1591 1171; x_wconf 86' lang='lat' dir='ltr'><em>ata</em></span> <span class='ocrx_word' id='word_1_43' title='bbox 1606 1101 1803 1196; x_wconf 79' lang='lat' dir='ltr'><em>repositione</em></span> <span class='ocrx_word' id='word_1_44' title='bbox 1824 1100 1917 1173; x_wconf 86' lang='lat' dir='ltr'><em>solius</em></span> <span class='ocrx_word' id='word_1_45' title='bbox 1938 1108 2027 1198; x_wconf 88' lang='lat' dir='ltr'><em>panis</em></span> <span class='ocrx_word' id='word_1_46' title='bbox 2041 1130 2099 1201; x_wconf 89' lang='lat' dir='ltr'><em>per</em></span> <span class='ocrx_word' id='word_1_47' title='bbox 2108 1104 2176 1202; x_wconf 65' lang='lat' dir='ltr'><em>dl‘!</em></span> <span class='ocrx_word' id='word_1_48' title='bbox 2185 1101 2243 1173; x_wconf 90' lang='lat' dir='ltr'><em>ali.</em></span> 
     </span>
     <span class='ocr_line' id='line_1_6' title="bbox 446 1189 2342 1293; baseline -0.004 -19"><span class='ocrx_word' id='word_1_49' title='bbox 446 1227 523 1274; x_wconf 87' lang='lat' dir='ltr'><em>rum</em></span> <span class='ocrx_word' id='word_1_50' title='bbox 548 1223 708 1273; x_wconf 74' lang='lat' dir='ltr'><em>annornm</em></span> <span class='ocrx_word' id='word_1_51' title='bbox 726 1199 903 1293; x_wconf 85' lang='lat' dir='ltr'><em>explicabat</em></span> <span class='ocrx_word' id='word_1_52' title='bbox 919 1200 1027 1267; x_wconf 90' lang='lat' dir='ltr'><em>omnia</em></span> <span class='ocrx_word' id='word_1_53' title='bbox 1041 1189 1321 1292; x_wconf 72' lang='lat' dir='ltr'><em>testimonimqaae</em></span> <span class='ocrx_word' id='word_1_54' title='bbox 1366 1214 1560 1290; x_wconf 89' lang='lat' dir='ltr'><em>quot,·non</em></span> <span class='ocrx_word' id='word_1_55' title='bbox 1591 1200 1871 1278; x_wconf 85' lang='lat' dir='ltr'><em>manducationis,</em></span> <span class='ocrx_word' id='word_1_56' title='bbox 1903 1194 1957 1269; x_wconf 89' lang='lat' dir='ltr'><em>sed</em></span> <span class='ocrx_word' id='word_1_57' title='bbox 1989 1205 2149 1282; x_wconf 82' lang='lat' dir='ltr'><em>theatricae</em></span> <span class='ocrx_word' id='word_1_58' title='bbox 2178 1208 2243 1274; x_wconf 82' lang='lat' dir='ltr'><em>cir.</em></span> <span class='ocrx_word' id='word_1_59' title='bbox 2336 1217 2342 1227; x_wconf 84' lang='lat'><strong>·</strong></span> 
     </span>
     <span class='ocr_line' id='line_1_7' title="bbox 447 1281 2373 1394; baseline 0.001 -23"><span class='ocrx_word' id='word_1_60' title='bbox 447 1302 638 1393; x_wconf 70' lang='lat' dir='ltr'><em>Caprionos</em></span> <span class='ocrx_word' id='word_1_61' title='bbox 654 1324 724 1369; x_wconf 81' lang='lat' dir='ltr'><em>rem</em></span> <span class='ocrx_word' id='word_1_62' title='bbox 731 1298 805 1391; x_wconf 85' lang='lat' dir='ltr'><em>sois</em></span> <span class='ocrx_word' id='word_1_63' title='bbox 821 1297 1000 1389; x_wconf 84' lang='lat' dir='ltr'><em>adferebat.</em></span> <span class='ocrx_word' id='word_1_64' title='bbox 1050 1299 1093 1366; x_wconf 89' lang='lat' dir='ltr'><em>Et</em></span> <span class='ocrx_word' id='word_1_65' title='bbox 1112 1294 1207 1390; x_wconf 85' lang='lat' dir='ltr'><em>paulo</em></span> <span class='ocrx_word' id='word_1_66' title='bbox 1229 1281 1319 1364; x_wconf 82' lang='lat' dir='ltr'><em>anre&#39;:</em></span> <span class='ocrx_word' id='word_1_67' title='bbox 1366 1297 1627 1389; x_wconf 82' lang='lat' dir='ltr'><em>cumgestarionis</em></span> <span class='ocrx_word' id='word_1_68' title='bbox 1649 1294 1752 1369; x_wconf 83' lang='lat' dir='ltr'><em>causa.</em></span> <span class='ocrx_word' id='word_1_69' title='bbox 1804 1299 1855 1370; x_wconf 88' lang='lat' dir='ltr'><em>At</em></span> <span class='ocrx_word' id='word_1_70' title='bbox 1880 1303 1894 1390; x_wconf 95' lang='lat'>(</span> <span class='ocrx_word' id='word_1_71' title='bbox 1904 1303 2006 1394; x_wconf 80' lang='lat' dir='ltr'><em>inquit</em></span> <span class='ocrx_word' id='word_1_72' title='bbox 2019 1299 2241 1392; x_wconf 80' lang='lat' dir='ltr'><em>bellarminus)</em></span> <span class='ocrx_word' id='word_1_73' title='bbox 2361 1363 2373 1378; x_wconf 72' lang='grc'><em>,,</em></span> 
     </span>
     <span class='ocr_line' id='line_1_8' title="bbox 450 1383 2393 1494; baseline -0.001 -22"><span class='ocrx_word' id='word_1_74' title='bbox 450 1383 648 1472; x_wconf 76' lang='lat' dir='ltr'><em>Vincentius</em></span> <span class='ocrx_word' id='word_1_75' title='bbox 683 1396 857 1492; x_wconf 73' lang='lat' dir='ltr'><em>Lirinensis</em></span> <span class='ocrx_word' id='word_1_76' title='bbox 898 1398 994 1472; x_wconf 88' lang='lat' dir='ltr'><em>dicit,</em></span> <span class='ocrx_word' id='word_1_77' title='bbox 1033 1406 1164 1465; x_wconf 80' lang='lat' dir='ltr'><em>aaaron</em></span> <span class='ocrx_word' id='word_1_78' title='bbox 1189 1389 1321 1488; x_wconf 64' lang='lat' dir='ltr'><em>uoluisse</em></span> <span class='ocrx_word' id='word_1_79' title='bbox 1356 1392 1392 1488; x_wconf 85' lang='lat' dir='ltr'><em>st</em></span> <span class='ocrx_word' id='word_1_80' title='bbox 1418 1417 1482 1461; x_wconf 89' lang='lat' dir='ltr'><em>non</em></span> <span class='ocrx_word' id='word_1_81' title='bbox 1506 1395 1828 1489; x_wconf 76' lang='lat' dir='ltr'><em>ejisaeramentom‚</em></span> <span class='ocrx_word' id='word_1_82' title='bbox 1866 1396 1926 1491; x_wconf 67' lang='lat' dir='ltr'><em>nffi</em></span> <span class='ocrx_word' id='word_1_83' title='bbox 1952 1401 2029 1465; x_wconf 89' lang='lat' dir='ltr'><em>dum</em></span> <span class='ocrx_word' id='word_1_84' title='bbox 2048 1398 2116 1492; x_wconf 78' lang='lat' dir='ltr'><em>fit,</em></span> <span class='ocrx_word' id='word_1_85' title='bbox 2155 1403 2243 1494; x_wconf 79' lang='lat' dir='ltr'><em>qaod</em></span> <span class='ocrx_word' id='word_1_86' title='bbox 2365 1422 2393 1438; x_wconf 74' lang='grc'><em>“·</em></span> 
     </span>
     <span class='ocr_line' id='line_1_9' title="bbox 445 1490 2242 1594; baseline 0.001 -29"><span class='ocrx_word' id='word_1_87' title='bbox 445 1504 539 1591; x_wconf 76' lang='lat' dir='ltr'><em>apud</em></span> <span class='ocrx_word' id='word_1_88' title='bbox 550 1497 706 1594; x_wconf 59' lang='lat' dir='ltr'><em>⁴eccleliaot</em></span> <span class='ocrx_word' id='word_1_89' title='bbox 729 1493 913 1564; x_wconf 78' lang='lat' dir='ltr'><em>catholicam</em></span> <span class='ocrx_word' id='word_1_90' title='bbox 933 1506 1161 1590; x_wconf 77' lang='lat' dir='ltr'><em>argumentum</em></span> <span class='ocrx_word' id='word_1_91' title='bbox 1190 1493 1333 1564; x_wconf 77' lang='lat' dir='ltr'><em>dasium.</em></span> <span class='ocrx_word' id='word_1_92' title='bbox 1367 1490 1513 1585; x_wconf 71' lang='lat' dir='ltr'><em>Cbrssus</em></span> <span class='ocrx_word' id='word_1_93' title='bbox 1528 1495 1611 1589; x_wconf 86' lang='lat' dir='ltr'><em>ferit</em></span> <span class='ocrx_word' id='word_1_94' title='bbox 1636 1497 1776 1587; x_wconf 79' lang='lat' dir='ltr'><em>aotfieri</em></span> <span class='ocrx_word' id='word_1_95' title='bbox 1791 1495 1901 1592; x_wconf 80' lang='lat' dir='ltr'><em>jaffit,</em></span> <span class='ocrx_word' id='word_1_96' title='bbox 1928 1503 2085 1589; x_wconf 87' lang='lat' dir='ltr'><em>quomodo</em></span> <span class='ocrx_word' id='word_1_97' title='bbox 2109 1500 2173 1566; x_wconf 83' lang='lat' dir='ltr'><em>erit</em></span> <span class='ocrx_word' id='word_1_98' title='bbox 2181 1503 2242 1591; x_wconf 81' lang='lat' dir='ltr'><em>Jo-</em></span> 
     </span>
     <span class='ocr_line' id='line_1_10' title="bbox 445 1588 2240 1691; baseline 0 -26"><span class='ocrx_word' id='word_1_99' title='bbox 445 1622 470 1667; x_wconf 84' lang='lat' dir='ltr'><em>a</em></span> <span class='ocrx_word' id='word_1_100' title='bbox 484 1599 653 1665; x_wconf 73' lang='lat' dir='ltr'><em>traditione</em></span> <span class='ocrx_word' id='word_1_101' title='bbox 667 1593 713 1667; x_wconf 64' lang='lat' dir='ltr'><em>f!</em></span> <span class='ocrx_word' id='word_1_102' title='bbox 727 1593 949 1691; x_wconf 68' lang='lat' dir='ltr'><em>conseretudiae</em></span> <span class='ocrx_word' id='word_1_103' title='bbox 964 1590 1122 1688; x_wconf 76' lang='lat' dir='ltr'><em>ecesefiar,</em></span> <span class='ocrx_word' id='word_1_104' title='bbox 1142 1588 1319 1660; x_wconf 75' lang='lat' dir='ltr'><em>artesano</em></span> <span class='ocrx_word' id='word_1_105' title='bbox 1364 1602 1561 1659; x_wconf 76' lang='lat' dir='ltr'><em>aramentum</em></span> <span class='ocrx_word' id='word_1_106' title='bbox 1581 1596 1616 1661; x_wconf 89' lang='lat' dir='ltr'><em>in</em></span> <span class='ocrx_word' id='word_1_107' title='bbox 1636 1594 1690 1661; x_wconf 79' lang='lat' dir='ltr'><em>ilia</em></span> <span class='ocrx_word' id='word_1_108' title='bbox 1703 1594 1857 1662; x_wconf 83' lang='lat' dir='ltr'><em>delatione</em></span> <span class='ocrx_word' id='word_1_109' title='bbox 1874 1598 1918 1662; x_wconf 89' lang='lat' dir='ltr'><em>od</em></span> <span class='ocrx_word' id='word_1_110' title='bbox 1937 1593 2110 1681; x_wconf 73' lang='lat' dir='ltr'><em>absentes?</em></span> <span class='ocrx_word' id='word_1_111' title='bbox 2135 1596 2240 1665; x_wconf 79' lang='lat' dir='ltr'><em>leem:</em></span> 
     </span>
     <span class='ocr_line' id='line_1_11' title="bbox 431 1688 2241 1790; baseline 0.002 -28"><span class='ocrx_word' id='word_1_112' title='bbox 431 1694 599 1790; x_wconf 81' lang='lat' dir='ltr'><em>steperata</em></span> <span class='ocrx_word' id='word_1_113' title='bbox 609 1693 718 1787; x_wconf 83' lang='lat' dir='ltr'><em>suerit</em></span> <span class='ocrx_word' id='word_1_114' title='bbox 736 1691 834 1784; x_wconf 86' lang='lat' dir='ltr'><em>eausa</em></span> <span class='ocrx_word' id='word_1_115' title='bbox 848 1689 1023 1786; x_wconf 78' lang='lat' dir='ltr'><em>Cypriani,</em></span> <span class='ocrx_word' id='word_1_116' title='bbox 1048 1693 1242 1785; x_wconf 75' lang='lat' dir='ltr'><em>qeisumma</em></span> <span class='ocrx_word' id='word_1_117' title='bbox 1258 1689 1322 1757; x_wconf 84' lang='lat' dir='ltr'><em>elo·</em></span> <span class='ocrx_word' id='word_1_118' title='bbox 1368 1691 1502 1763; x_wconf 85' lang='lat' dir='ltr'><em>Certum</em></span> <span class='ocrx_word' id='word_1_119' title='bbox 1523 1688 1584 1785; x_wconf 86' lang='lat' dir='ltr'><em>est,</em></span> <span class='ocrx_word' id='word_1_120' title='bbox 1610 1693 1704 1766; x_wconf 83' lang='lat' dir='ltr'><em>illos,</em></span> <span class='ocrx_word' id='word_1_121' title='bbox 1729 1695 1783 1786; x_wconf 77' lang='lat' dir='ltr'><em>qai</em></span> <span class='ocrx_word' id='word_1_122' title='bbox 1805 1692 2005 1785; x_wconf 85' lang='lat' dir='ltr'><em>deferebant,</em></span> <span class='ocrx_word' id='word_1_123' title='bbox 2030 1716 2095 1764; x_wconf 89' lang='lat' dir='ltr'><em>non</em></span> <span class='ocrx_word' id='word_1_124' title='bbox 2117 1693 2241 1785; x_wconf 76' lang='lat' dir='ltr'><em>retestar-</em></span> 
     </span>
     <span class='ocr_line' id='line_1_12' title="bbox 441 1785 2240 1888; baseline 0 -28"><span class='ocrx_word' id='word_1_125' title='bbox 441 1794 574 1888; x_wconf 85' lang='lat' dir='ltr'><em>quentia</em></span> <span class='ocrx_word' id='word_1_126' title='bbox 587 1787 1087 1886; x_wconf 67' lang='lat' dir='ltr'><em>&amp;frequentifflmofhndsurum</em></span> <span class='ocrx_word' id='word_1_127' title='bbox 1101 1786 1319 1880; x_wconf 79' lang='lat' dir='ltr'><em>episcoporum</em></span> <span class='ocrx_word' id='word_1_128' title='bbox 1366 1785 1442 1881; x_wconf 77' lang='lat' dir='ltr'><em>aiffa</em></span> <span class='ocrx_word' id='word_1_129' title='bbox 1456 1792 1491 1856; x_wconf 84' lang='lat' dir='ltr'><em>io</em></span> <span class='ocrx_word' id='word_1_130' title='bbox 1510 1791 1654 1858; x_wconf 84' lang='lat' dir='ltr'><em>domibus</em></span> <span class='ocrx_word' id='word_1_131' title='bbox 1673 1804 1783 1859; x_wconf 84' lang='lat' dir='ltr'><em>eorum</em></span> <span class='ocrx_word' id='word_1_132' title='bbox 1807 1793 1909 1858; x_wconf 84' lang='lat' dir='ltr'><em>rito&#39;m</em></span> <span class='ocrx_word' id='word_1_133' title='bbox 1938 1809 2039 1862; x_wconf 78' lang='lat' dir='ltr'><em>conae</em></span> <span class='ocrx_word' id='word_1_134' title='bbox 2061 1792 2240 1871; x_wconf 83' lang='lat' dir='ltr'><em>celebrare,</em></span> 
     </span>
     <span class='ocr_line' id='line_1_13' title="bbox 442 1884 2241 1983; baseline -0.001 -22"><span class='ocrx_word' id='word_1_135' title='bbox 442 1890 575 1961; x_wconf 78' lang='lat' dir='ltr'><em>concilio</em></span> <span class='ocrx_word' id='word_1_136' title='bbox 593 1887 640 1964; x_wconf 61' lang='grc' dir='ltr'><em>ἔθ’</em></span> <span class='ocrx_word' id='word_1_137' title='bbox 657 1892 769 1958; x_wconf 87' lang='lat' dir='ltr'><em>multis</em></span> <span class='ocrx_word' id='word_1_138' title='bbox 794 1891 921 1957; x_wconf 81' lang='lat' dir='ltr'><em>divinae</em></span> <span class='ocrx_word' id='word_1_139' title='bbox 928 1888 1115 1981; x_wconf 81' lang='lat' dir='ltr'><em>scripturae</em></span> <span class='ocrx_word' id='word_1_140' title='bbox 1134 1885 1321 1978; x_wconf 81' lang='lat' dir='ltr'><em>testimoniis</em></span> <span class='ocrx_word' id='word_1_141' title='bbox 1366 1884 1415 1957; x_wconf 58' lang='lat' dir='ltr'><em>&amp;a</em></span> <span class='ocrx_word' id='word_1_142' title='bbox 1427 1891 1568 1957; x_wconf 85' lang='lat' dir='ltr'><em>eomodo</em></span> <span class='ocrx_word' id='word_1_143' title='bbox 1585 1887 2018 1983; x_wconf 75' lang='lat' dir='ltr'><em>euelanstiameonsecrore,</em></span> <span class='ocrx_word' id='word_1_144' title='bbox 2041 1904 2136 1959; x_wconf 86' lang='lat' dir='ltr'><em>erant</em></span> <span class='ocrx_word' id='word_1_145' title='bbox 2157 1892 2241 1960; x_wconf 75' lang='lat' dir='ltr'><em>enirn</em></span> 
     </span>
     <span class='ocr_line' id='line_1_14' title="bbox 444 1977 2240 2088; baseline -0.001 -28"><span class='ocrx_word' id='word_1_146' title='bbox 444 2000 565 2061; x_wconf 82' lang='lat' dir='ltr'><em>contra</em></span> <span class='ocrx_word' id='word_1_147' title='bbox 579 1988 932 2086; x_wconf 82' lang='lat' dir='ltr'><em>ueritatempugnobot,</em></span> <span class='ocrx_word' id='word_1_148' title='bbox 979 1989 1026 2055; x_wconf 81' lang='lat' dir='ltr'><em>Ex</em></span> <span class='ocrx_word' id='word_1_149' title='bbox 1043 2006 1111 2083; x_wconf 83' lang='lat' dir='ltr'><em>qno</em></span> <span class='ocrx_word' id='word_1_150' title='bbox 1121 1981 1319 2079; x_wconf 87' lang='lat' dir='ltr'><em>intelligitur,</em></span> <span class='ocrx_word' id='word_1_151' title='bbox 1365 1977 1501 2053; x_wconf 86' lang='lat' dir='ltr'><em>diatoni.</em></span> <span class='ocrx_word' id='word_1_152' title='bbox 1554 1988 1651 2083; x_wconf 83' lang='lat' dir='ltr'><em>Ergo</em></span> <span class='ocrx_word' id='word_1_153' title='bbox 1670 1988 1868 2081; x_wconf 85' lang='lat' dir='ltr'><em>fatendum,</em></span> <span class='ocrx_word' id='word_1_154' title='bbox 1900 1993 1985 2082; x_wconf 84' lang='lat' dir='ltr'><em>quod</em></span> <span class='ocrx_word' id='word_1_155' title='bbox 2011 1990 2139 2088; x_wconf 73' lang='lat' dir='ltr'><em>nonsit</em></span> <span class='ocrx_word' id='word_1_156' title='bbox 2159 2011 2240 2083; x_wconf 82' lang='lat' dir='ltr'><em>opor</em></span> 
     </span>
     <span class='ocr_line' id='line_1_15' title="bbox 442 2081 2240 2181; baseline 0.001 -28"><span class='ocrx_word' id='word_1_157' title='bbox 442 2083 653 2181; x_wconf 77' lang='lat' dir='ltr'><em>cyprianum</em></span> <span class='ocrx_word' id='word_1_158' title='bbox 684 2104 796 2155; x_wconf 83' lang='lat' dir='ltr'><em>contra</em></span> <span class='ocrx_word' id='word_1_159' title='bbox 823 2081 1086 2153; x_wconf 81' lang='lat' dir='ltr'><em>consuetudinem</em></span> <span class='ocrx_word' id='word_1_160' title='bbox 1110 2107 1177 2151; x_wconf 92' lang='lat' dir='ltr'><em>non</em></span> <span class='ocrx_word' id='word_1_161' title='bbox 1199 2105 1320 2174; x_wconf 86' lang='lat' dir='ltr'><em>pauco·</em></span> <span class='ocrx_word' id='word_1_162' title='bbox 1363 2095 1505 2175; x_wconf 80' lang='lat' dir='ltr'><em>repetere</em></span> <span class='ocrx_word' id='word_1_163' title='bbox 1523 2085 1783 2180; x_wconf 81' lang='lat' dir='ltr'><em>consecrationem</em></span> <span class='ocrx_word' id='word_1_164' title='bbox 1808 2081 2067 2172; x_wconf 65' lang='lat' dir='ltr'><em>eucharistioein</em></span> <span class='ocrx_word' id='word_1_165' title='bbox 2096 2089 2240 2157; x_wconf 82' lang='lat' dir='ltr'><em>domibus</em></span> 
     </span>
     <span class='ocr_line' id='line_1_16' title="bbox 442 2176 2239 2278; baseline 0.001 -23"><span class='ocrx_word' id='word_1_166' title='bbox 442 2207 541 2261; x_wconf 87' lang='lat' dir='ltr'><em>rum,</em></span> <span class='ocrx_word' id='word_1_167' title='bbox 565 2179 620 2253; x_wconf 92' lang='lat' dir='ltr'><em>sed</em></span> <span class='ocrx_word' id='word_1_168' title='bbox 648 2181 827 2258; x_wconf 88' lang='lat' dir='ltr'><em>multotum</em></span> <span class='ocrx_word' id='word_1_169' title='bbox 859 2179 1003 2278; x_wconf 81' lang='lat' dir='ltr'><em>regulam</em></span> <span class='ocrx_word' id='word_1_170' title='bbox 1037 2182 1121 2251; x_wconf 88' lang='lat' dir='ltr'><em>illam</em></span> <span class='ocrx_word' id='word_1_171' title='bbox 1146 2176 1317 2275; x_wconf 77' lang='lat' dir='ltr'><em>protuliti&#39;e.</em></span> <span class='ocrx_word' id='word_1_172' title='bbox 1364 2205 1501 2257; x_wconf 83' lang='lat' dir='ltr'><em>eornm,</em></span> <span class='ocrx_word' id='word_1_173' title='bbox 1525 2186 1826 2277; x_wconf 77' lang='lat' dir='ltr'><em>adquordesertor.</em></span> <span class='ocrx_word' id='word_1_174' title='bbox 1879 2181 2175 2277; x_wconf 85' lang='lat' dir='ltr'><em>Respdelntioilla</em></span> <span class='ocrx_word' id='word_1_175' title='bbox 2197 2184 2239 2256; x_wconf 87' lang='lat' dir='ltr'><em>ad</em></span> 
     </span>
     <span class='ocr_line' id='line_1_17' title="bbox 442 2276 2236 2378; baseline -0.002 -24"><span class='ocrx_word' id='word_1_176' title='bbox 442 2284 586 2354; x_wconf 83' lang='lat' dir='ltr'><em>Becanus</em></span> <span class='ocrx_word' id='word_1_177' title='bbox 597 2286 628 2349; x_wconf 90' lang='lat' dir='ltr'><em>in</em></span> <span class='ocrx_word' id='word_1_178' title='bbox 641 2277 717 2372; x_wconf 75' lang='lat' dir='ltr'><em>disp·</em></span> <span class='ocrx_word' id='word_1_179' title='bbox 739 2277 780 2350; x_wconf 90' lang='lat' dir='ltr'><em>de</em></span> <span class='ocrx_word' id='word_1_180' title='bbox 793 2278 898 2372; x_wconf 88' lang='lat' dir='ltr'><em>judice</em></span> <span class='ocrx_word' id='word_1_181' title='bbox 914 2298 1060 2349; x_wconf 80' lang='lat' dir='ltr'><em>controv.</em></span> <span class='ocrx_word' id='word_1_182' title='bbox 1086 2279 1275 2375; x_wconf 77' lang='lat' dir='ltr'><em>Cyprianus</em></span> <span class='ocrx_word' id='word_1_183' title='bbox 1283 2280 1319 2345; x_wconf 83' lang='lat' dir='ltr'><em>in</em></span> <span class='ocrx_word' id='word_1_184' title='bbox 1365 2297 1504 2373; x_wconf 72' lang='lat' dir='ltr'><em>egrotos</em></span> <span class='ocrx_word' id='word_1_185' title='bbox 1520 2287 1552 2353; x_wconf 80' lang='lat' dir='ltr'><em>dt</em></span> <span class='ocrx_word' id='word_1_186' title='bbox 1566 2276 1709 2352; x_wconf 76' lang='lat' dir='ltr'><em>absentes</em></span> <span class='ocrx_word' id='word_1_187' title='bbox 1726 2308 1793 2354; x_wconf 92' lang='lat' dir='ltr'><em>non</em></span> <span class='ocrx_word' id='word_1_188' title='bbox 1810 2277 1963 2378; x_wconf 85' lang='lat' dir='ltr'><em>separavit</em></span> <span class='ocrx_word' id='word_1_189' title='bbox 1990 2298 2080 2350; x_wconf 88' lang='lat' dir='ltr'><em>tanto</em></span> <span class='ocrx_word' id='word_1_190' title='bbox 2105 2306 2236 2377; x_wconf 82' lang='lat' dir='ltr'><em>rempo-</em></span> 
     </span>
     <span class='ocr_line' id='line_1_18' title="bbox 441 2367 2370 2478; baseline 0.001 -28"><span class='ocrx_word' id='word_1_191' title='bbox 441 2380 536 2478; x_wconf 66' lang='lat' dir='ltr'><em>epnstr</em></span> <span class='ocrx_word' id='word_1_192' title='bbox 554 2376 1009 2477; x_wconf 73' lang='lat' dir='ltr'><em>adJubojanampersanies</em></span> <span class='ocrx_word' id='word_1_193' title='bbox 1031 2378 1065 2471; x_wconf 79' lang='lat' dir='ltr'><em>fe</em></span> <span class='ocrx_word' id='word_1_194' title='bbox 1085 2377 1318 2470; x_wconf 81' lang='lat' dir='ltr'><em>exscriptoris</em></span> <span class='ocrx_word' id='word_1_195' title='bbox 1363 2379 1408 2446; x_wconf 82' lang='lat' dir='ltr'><em>tia</em></span> <span class='ocrx_word' id='word_1_196' title='bbox 1428 2378 1597 2448; x_wconf 86' lang='lat' dir='ltr'><em>intervallo</em></span> <span class='ocrx_word' id='word_1_197' title='bbox 1615 2373 1941 2452; x_wconf 78' lang='lat' dir='ltr'><em>consecrationem&amp;</em></span> <span class='ocrx_word' id='word_1_198' title='bbox 1962 2379 2237 2460; x_wconf 77' lang='lat' dir='ltr'><em>distributionem,</em></span> <span class='ocrx_word' id='word_1_199' title='bbox 2363 2367 2370 2390; x_wconf 47' lang='lat'><em>&#39;¹</em></span> 
     </span>
     <span class='ocr_line' id='line_1_19' title="bbox 439 2469 2237 2574; baseline -0.002 -24"><span class='ocrx_word' id='word_1_200' title='bbox 439 2474 689 2574; x_wconf 62' lang='lat' dir='ltr'><em>demonstrasse,</em></span> <span class='ocrx_word' id='word_1_201' title='bbox 716 2481 803 2574; x_wconf 83' lang='lat' dir='ltr'><em>quod</em></span> <span class='ocrx_word' id='word_1_202' title='bbox 823 2478 1053 2549; x_wconf 67' lang='lat' dir='ltr'><em>terrenorum</em></span> <span class='ocrx_word' id='word_1_203' title='bbox 1074 2478 1231 2568; x_wconf 75' lang='lat' dir='ltr'><em>baptismo</em></span> <span class='ocrx_word' id='word_1_204' title='bbox 1250 2499 1316 2544; x_wconf 88' lang='lat' dir='ltr'><em>non</em></span> <span class='ocrx_word' id='word_1_205' title='bbox 1364 2471 1445 2545; x_wconf 74' lang='lat' dir='ltr'><em>ficut</em></span> <span class='ocrx_word' id='word_1_206' title='bbox 1457 2476 1490 2541; x_wconf 91' lang='lat' dir='ltr'><em>in</em></span> <span class='ocrx_word' id='word_1_207' title='bbox 1506 2475 1644 2548; x_wconf 83' lang='lat' dir='ltr'><em>coelestia</em></span> <span class='ocrx_word' id='word_1_208' title='bbox 1666 2469 1840 2571; x_wconf 76' lang='lat' dir='ltr'><em>pontificiis</em></span> <span class='ocrx_word' id='word_1_209' title='bbox 1859 2480 1927 2549; x_wconf 82' lang='lat' dir='ltr'><em>fieri</em></span> <span class='ocrx_word' id='word_1_210' title='bbox 1947 2478 2047 2547; x_wconf 90' lang='lat' dir='ltr'><em>hodie</em></span> <span class='ocrx_word' id='word_1_211' title='bbox 2060 2473 2237 2560; x_wconf 85' lang='lat' dir='ltr'><em>consuevit,</em></span> 
     </span>
     <span class='ocr_line' id='line_1_20' title="bbox 422 2572 2237 2679; baseline -0.004 -32"><span class='ocrx_word' id='word_1_212' title='bbox 422 2579 483 2679; x_wconf 69' lang='lat' dir='ltr'><em>stt</em></span> <span class='ocrx_word' id='word_1_213' title='bbox 496 2580 660 2659; x_wconf 81' lang='lat' dir='ltr'><em>ualidum,</em></span> <span class='ocrx_word' id='word_1_214' title='bbox 683 2575 741 2645; x_wconf 86' lang='lat' dir='ltr'><em>hoe</em></span> <span class='ocrx_word' id='word_1_215' title='bbox 756 2577 911 2671; x_wconf 71' lang='lat' dir='ltr'><em>occasione</em></span> <span class='ocrx_word' id='word_1_216' title='bbox 925 2576 1093 2666; x_wconf 73' lang='lat' dir='ltr'><em>incipiebat</em></span> <span class='ocrx_word' id='word_1_217' title='bbox 1109 2576 1316 2644; x_wconf 81' lang='lat' dir='ltr'><em>traditionem</em></span> <span class='ocrx_word' id='word_1_218' title='bbox 1365 2572 1525 2665; x_wconf 87' lang='lat' dir='ltr'><em>inquibue</em></span> <span class='ocrx_word' id='word_1_219' title='bbox 1544 2572 1594 2644; x_wconf 84' lang='lat' dir='ltr'><em>ael</em></span> <span class='ocrx_word' id='word_1_220' title='bbox 1611 2599 1777 2673; x_wconf 86' lang='lat' dir='ltr'><em>nunquam</em></span> <span class='ocrx_word' id='word_1_221' title='bbox 1799 2625 1812 2653; x_wconf 90' lang='lat'><em>,</em></span> <span class='ocrx_word' id='word_1_222' title='bbox 1836 2574 1884 2645; x_wconf 86' lang='lat' dir='ltr'><em>vel</em></span> <span class='ocrx_word' id='word_1_223' title='bbox 1905 2598 1972 2643; x_wconf 90' lang='lat' dir='ltr'><em>non</em></span> <span class='ocrx_word' id='word_1_224' title='bbox 2000 2574 2058 2644; x_wconf 84' lang='lat' dir='ltr'><em>nist</em></span> <span class='ocrx_word' id='word_1_225' title='bbox 2085 2578 2156 2672; x_wconf 88' lang='lat' dir='ltr'><em>post</em></span> <span class='ocrx_word' id='word_1_226' title='bbox 2180 2577 2237 2647; x_wconf 85' lang='lat' dir='ltr'><em>ali.</em></span> 
     </span>
     <span class='ocr_line' id='line_1_21' title="bbox 439 2668 2236 2772; baseline -0.002 -25"><span class='ocrx_word' id='word_1_227' title='bbox 439 2689 661 2753; x_wconf 88' lang='lat' dir='ltr'><em>rontemnere,</em></span> <span class='ocrx_word' id='word_1_228' title='bbox 686 2697 752 2772; x_wconf 87' lang='lat' dir='ltr'><em>qua</em></span> <span class='ocrx_word' id='word_1_229' title='bbox 763 2672 902 2766; x_wconf 82' lang='lat' dir='ltr'><em>firmius</em></span> <span class='ocrx_word' id='word_1_230' title='bbox 922 2697 1011 2765; x_wconf 80' lang='lat' dir='ltr'><em>oppa</em></span> <span class='ocrx_word' id='word_1_231' title='bbox 1036 2675 1194 2756; x_wconf 78' lang='lat' dir='ltr'><em>nabetur,</em></span> <span class='ocrx_word' id='word_1_232' title='bbox 1216 2695 1317 2767; x_wconf 83' lang='lat' dir='ltr'><em>quana</em></span> <span class='ocrx_word' id='word_1_233' title='bbox 1362 2690 1448 2769; x_wconf 83' lang='lat' dir='ltr'><em>quot</em></span> <span class='ocrx_word' id='word_1_234' title='bbox 1462 2668 1530 2740; x_wconf 82' lang='lat' dir='ltr'><em>dies</em></span> <span class='ocrx_word' id='word_1_235' title='bbox 1545 2671 1727 2741; x_wconf 87' lang='lat' dir='ltr'><em>dislributio</em></span> <span class='ocrx_word' id='word_1_236' title='bbox 1742 2669 1900 2750; x_wconf 83' lang='lat' dir='ltr'><em>succedit,</em></span> <span class='ocrx_word' id='word_1_237' title='bbox 1927 2677 2060 2766; x_wconf 85' lang='lat' dir='ltr'><em>propius</em></span> <span class='ocrx_word' id='word_1_238' title='bbox 2079 2678 2176 2769; x_wconf 82' lang='lat' dir='ltr'><em>igitur</em></span> <span class='ocrx_word' id='word_1_239' title='bbox 2192 2676 2236 2748; x_wconf 88' lang='lat' dir='ltr'><em>ad</em></span> 
     </span>
     <span class='ocr_line' id='line_1_22' title="bbox 393 2699 2393 2870; baseline -0.004 -23"><span class='ocrx_word' id='word_1_240' title='bbox 393 2803 394 2808; x_wconf 47' lang='lat'>¹</span> <span class='ocrx_word' id='word_1_241' title='bbox 439 2802 461 2847; x_wconf 87' lang='lat' dir='ltr'><em>a</em></span> <span class='ocrx_word' id='word_1_242' title='bbox 473 2774 659 2870; x_wconf 81' lang='lat' dir='ltr'><em>scriptore.</em></span> <span class='ocrx_word' id='word_1_243' title='bbox 708 2772 810 2859; x_wconf 77' lang='lat' dir='ltr'><em>Qod</em></span> <span class='ocrx_word' id='word_1_244' title='bbox 825 2796 930 2841; x_wconf 88' lang='lat' dir='ltr'><em>aurem</em></span> <span class='ocrx_word' id='word_1_245' title='bbox 942 2699 1318 2842; x_wconf 74' lang='lat' dir='ltr'><em>constrerudoadseruan·</em></span> <span class='ocrx_word' id='word_1_246' title='bbox 1361 2767 1808 2842; x_wconf 86' lang='lat' dir='ltr'><em>inilitutionetndominicam</em></span> <span class='ocrx_word' id='word_1_247' title='bbox 1826 2771 1943 2841; x_wconf 78' lang='lat' dir='ltr'><em>de¹atio</em></span> <span class='ocrx_word' id='word_1_248' title='bbox 1959 2766 2011 2838; x_wconf 82' lang='lat' dir='ltr'><em>illa</em></span> <span class='ocrx_word' id='word_1_249' title='bbox 2029 2794 2237 2842; x_wconf 83' lang='lat' dir='ltr'><em>vererumne·</em></span> <span class='ocrx_word' id='word_1_250' title='bbox 2386 2829 2393 2838; x_wconf 96' lang='lat'>.</span> 
     </span>
     <span class='ocr_line' id='line_1_23' title="bbox 440 2863 2266 2976; baseline -0.005 -34"><span class='ocrx_word' id='word_1_251' title='bbox 440 2874 475 2947; x_wconf 92' lang='lat' dir='ltr'><em>di</em></span> <span class='ocrx_word' id='word_1_252' title='bbox 494 2870 713 2945; x_wconf 79' lang='lat' dir='ltr'><em>eucharistiam</em></span> <span class='ocrx_word' id='word_1_253' title='bbox 729 2895 795 2938; x_wconf 91' lang='lat' dir='ltr'><em>non</em></span> <span class='ocrx_word' id='word_1_254' title='bbox 816 2866 914 2939; x_wconf 88' lang='lat' dir='ltr'><em>suerit</em></span> <span class='ocrx_word' id='word_1_255' title='bbox 934 2864 1136 2947; x_wconf 81' lang='lat' dir='ltr'><em>universalis,</em></span> <span class='ocrx_word' id='word_1_256' title='bbox 1164 2893 1205 2940; x_wconf 86' lang='lat' dir='ltr'><em>ert</em></span> <span class='ocrx_word' id='word_1_257' title='bbox 1219 2863 1315 2976; x_wconf 85' lang='lat' dir='ltr'><em>supe·</em></span> <span class='ocrx_word' id='word_1_258' title='bbox 1360 2868 1471 2963; x_wconf 77' lang='lat' dir='ltr'><em>cedit.</em></span> <span class='ocrx_word' id='word_1_259' title='bbox 1492 2869 1625 2940; x_wconf 87' lang='lat' dir='ltr'><em>interim</em></span> <span class='ocrx_word' id='word_1_260' title='bbox 1640 2889 1749 2940; x_wconf 88' lang='lat' dir='ltr'><em>tamen</em></span> <span class='ocrx_word' id='word_1_261' title='bbox 1765 2874 1865 2967; x_wconf 85' lang='lat' dir='ltr'><em>magia</em></span> <span class='ocrx_word' id='word_1_262' title='bbox 1880 2863 2133 2941; x_wconf 87' lang='lat' dir='ltr'><em>consentaneum</em></span> <span class='ocrx_word' id='word_1_263' title='bbox 2148 2873 2236 2940; x_wconf 83' lang='lat' dir='ltr'><em>insti.</em></span> <span class='ocrx_word' id='word_1_264' title='bbox 2259 2865 2266 2874; x_wconf 82' lang='grc'>”</span> 
     </span>
     <span class='ocr_line' id='line_1_24' title="bbox 441 2964 2244 3064; baseline -0.004 -20"><span class='ocrx_word' id='word_1_265' title='bbox 441 2971 584 3044; x_wconf 79' lang='lat' dir='ltr'><em>rioribus</em></span> <span class='ocrx_word' id='word_1_266' title='bbox 600 2965 733 3064; x_wconf 85' lang='lat' dir='ltr'><em>intelligi</em></span> <span class='ocrx_word' id='word_1_267' title='bbox 758 2964 872 3058; x_wconf 81' lang='lat' dir='ltr'><em>potest.</em></span> <span class='ocrx_word' id='word_1_268' title='bbox 923 2967 1008 3054; x_wconf 84' lang='lat' dir='ltr'><strong>IV.)</strong></span> <span class='ocrx_word' id='word_1_269' title='bbox 1033 2965 1185 3064; x_wconf 83' lang='lat' dir='ltr'><em>Exempla</em></span> <span class='ocrx_word' id='word_1_270' title='bbox 1209 2966 1314 3038; x_wconf 84' lang='lat' dir='ltr'><em>adser-</em></span> <span class='ocrx_word' id='word_1_271' title='bbox 1359 2968 1477 3037; x_wconf 90' lang='lat' dir='ltr'><em>tutioni</em></span> <span class='ocrx_word' id='word_1_272' title='bbox 1496 2971 1532 3038; x_wconf 82' lang='lat' dir='ltr'><em>dt</em></span> <span class='ocrx_word' id='word_1_273' title='bbox 1545 2966 1695 3064; x_wconf 85' lang='lat' dir='ltr'><em>exemplo</em></span> <span class='ocrx_word' id='word_1_274' title='bbox 1708 2966 1825 3050; x_wconf 80' lang='lat' dir='ltr'><em>Christi</em></span> <span class='ocrx_word' id='word_1_275' title='bbox 1839 2970 2113 3064; x_wconf 86' lang='lat' dir='ltr'><em>pronunciamus,</em></span> <span class='ocrx_word' id='word_1_276' title='bbox 2134 2968 2244 3040; x_wconf 77' lang='lat' dir='ltr'><em>verba</em></span> 
     </span>
     <span class='ocr_line' id='line_1_25' title="bbox 440 3060 2234 3141; baseline -0.002 0"><span class='ocrx_word' id='word_1_277' title='bbox 440 3070 581 3141; x_wconf 74' lang='lat' dir='ltr'><em>nationis</em></span> <span class='ocrx_word' id='word_1_278' title='bbox 601 3063 794 3136; x_wconf 79' lang='lat' dir='ltr'><em>eucharistiae</em></span> <span class='ocrx_word' id='word_1_279' title='bbox 828 3090 864 3134; x_wconf 83' lang='lat' dir='ltr'><em>ex</em></span> <span class='ocrx_word' id='word_1_280' title='bbox 887 3066 1045 3134; x_wconf 76' lang='lat' dir='ltr'><em>veteribus</em></span> <span class='ocrx_word' id='word_1_281' title='bbox 1070 3063 1209 3134; x_wconf 76' lang='lat' dir='ltr'><em>addudla</em></span> <span class='ocrx_word' id='word_1_282' title='bbox 1241 3060 1330 3135; x_wconf 67' lang='lat' dir='ltr'><em>sunt,</em></span> <span class='ocrx_word' id='word_1_283' title='bbox 1358 3068 1652 3138; x_wconf 81' lang='lat' dir='ltr'><em>eoenaerecitare&amp;</em></span> <span class='ocrx_word' id='word_1_284' title='bbox 1667 3065 1725 3136; x_wconf 86' lang='lat' dir='ltr'><em>illis</em></span> <span class='ocrx_word' id='word_1_285' title='bbox 1751 3067 1938 3138; x_wconf 85' lang='lat' dir='ltr'><em>benedicete</em></span> <span class='ocrx_word' id='word_1_286' title='bbox 1958 3065 2177 3138; x_wconf 81' lang='lat' dir='ltr'><em>encltatillianr</em></span> <span class='ocrx_word' id='word_1_287' title='bbox 2195 3072 2234 3140; x_wconf 70' lang='lat' dir='ltr'><em>‘in</em></span> 
     </span>
     <span class='ocr_line' id='line_1_26' title="bbox 435 3161 2241 3260; baseline 0.002 -24"><span class='ocrx_word' id='word_1_288' title='bbox 435 3163 619 3242; x_wconf 72' lang='lat' dir='ltr'><em>dissimile,</em></span> <span class='ocrx_word' id='word_1_289' title='bbox 644 3164 791 3260; x_wconf 75' lang='lat' dir='ltr'><em>quadarn</em></span> <span class='ocrx_word' id='word_1_290' title='bbox 806 3166 896 3234; x_wconf 87' lang='lat' dir='ltr'><em>enim</em></span> <span class='ocrx_word' id='word_1_291' title='bbox 920 3166 1051 3258; x_wconf 86' lang='lat' dir='ltr'><em>propius</em></span> <span class='ocrx_word' id='word_1_292' title='bbox 1076 3161 1120 3233; x_wconf 84' lang='lat' dir='ltr'><em>ad</em></span> <span class='ocrx_word' id='word_1_293' title='bbox 1143 3164 1315 3234; x_wconf 84' lang='lat' dir='ltr'><em>institutio·</em></span> <span class='ocrx_word' id='word_1_294' title='bbox 1358 3163 1689 3234; x_wconf 84' lang='lat' dir='ltr'><em>lococonununionis</em></span> <span class='ocrx_word' id='word_1_295' title='bbox 1711 3173 1746 3237; x_wconf 73' lang='grc' dir='ltr'><em>δε</em></span> <span class='ocrx_word' id='word_1_296' title='bbox 1768 3187 1919 3260; x_wconf 88' lang='lat' dir='ltr'><em>tempore</em></span> <span class='ocrx_word' id='word_1_297' title='bbox 1943 3168 2186 3235; x_wconf 76' lang='lat' dir='ltr'><em>communionis</em></span> <span class='ocrx_word' id='word_1_298' title='bbox 2200 3172 2241 3239; x_wconf 63' lang='lat' dir='ltr'><em>in.</em></span> 
     </span>
     <span class='ocr_line' id='line_1_27' title="bbox 436 3258 2232 3366; baseline -0.001 -30"><span class='ocrx_word' id='word_1_299' title='bbox 436 3290 515 3355; x_wconf 81' lang='lat' dir='ltr'><em>nean</em></span> <span class='ocrx_word' id='word_1_300' title='bbox 546 3263 723 3341; x_wconf 86' lang='lat' dir='ltr'><em>accedunt,</em></span> <span class='ocrx_word' id='word_1_301' title='bbox 765 3260 913 3356; x_wconf 83' lang='lat' dir='ltr'><em>quaedam</em></span> <span class='ocrx_word' id='word_1_302' title='bbox 933 3258 1105 3332; x_wconf 79' lang='lat' dir='ltr'><em>aerosum</em></span> <span class='ocrx_word' id='word_1_303' title='bbox 1126 3265 1313 3333; x_wconf 88' lang='lat' dir='ltr'><em>remotiora.</em></span> <span class='ocrx_word' id='word_1_304' title='bbox 1360 3259 1524 3357; x_wconf 84' lang='lat' dir='ltr'><em>praesentia</em></span> <span class='ocrx_word' id='word_1_305' title='bbox 1541 3261 1914 3366; x_wconf 54' lang='lat' dir='ltr'><em>eominunimndomtn,</em></span> <span class='ocrx_word' id='word_1_306' title='bbox 1938 3286 2037 3354; x_wconf 87' lang='lat' dir='ltr'><em>quam</em></span> <span class='ocrx_word' id='word_1_307' title='bbox 2056 3261 2120 3333; x_wconf 88' lang='lat' dir='ltr'><em>alio</em></span> <span class='ocrx_word' id='word_1_308' title='bbox 2136 3268 2170 3333; x_wconf 73' lang='lat' dir='ltr'><em>d&lt;</em></span> <span class='ocrx_word' id='word_1_309' title='bbox 2184 3264 2232 3335; x_wconf 89' lang='lat' dir='ltr'><em>lo·.</em></span> 
     </span>
     <span class='ocr_line' id='line_1_28' title="bbox 424 3355 2369 3457; baseline -0.001 -23"><span class='ocrx_word' id='word_1_310' title='bbox 424 3355 579 3452; x_wconf 57' lang='lat' dir='ltr'><em>&#39;lullinue</em></span> <span class='ocrx_word' id='word_1_311' title='bbox 592 3358 724 3457; x_wconf 83' lang='lat' dir='ltr'><em>apolog.</em></span> <span class='ocrx_word' id='word_1_312' title='bbox 745 3364 785 3430; x_wconf 90' lang='grc' dir='ltr'><em>ΙΙ.</em></span> <span class='ocrx_word' id='word_1_313' title='bbox 810 3377 1067 3444; x_wconf 85' lang='lat' dir='ltr'><em>commemorat,</em></span> <span class='ocrx_word' id='word_1_314' title='bbox 1088 3384 1149 3451; x_wconf 84' lang='lat' dir='ltr'><em>per</em></span> <span class='ocrx_word' id='word_1_315' title='bbox 1163 3362 1313 3431; x_wconf 85' lang='lat' dir='ltr'><em>diatonos</em></span> <span class='ocrx_word' id='word_1_316' title='bbox 1359 3385 1403 3430; x_wconf 86' lang='lat' dir='ltr'><em>eo</em></span> <span class='ocrx_word' id='word_1_317' title='bbox 1419 3366 1452 3431; x_wconf 82' lang='lat' dir='ltr'><em>dt</em></span> <span class='ocrx_word' id='word_1_318' title='bbox 1467 3358 1689 3455; x_wconf 86' lang='lat' dir='ltr'><em>temporeillis</em></span> <span class='ocrx_word' id='word_1_319' title='bbox 1712 3356 1909 3439; x_wconf 78' lang='lat' dir='ltr'><em>absentibus,</em></span> <span class='ocrx_word' id='word_1_320' title='bbox 1935 3378 1970 3428; x_wconf 91' lang='lat' dir='ltr'><em>ut</em></span> <span class='ocrx_word' id='word_1_321' title='bbox 1995 3360 2103 3452; x_wconf 86' lang='lat' dir='ltr'><em>postea</em></span> <span class='ocrx_word' id='word_1_322' title='bbox 2126 3362 2230 3433; x_wconf 88' lang='lat' dir='ltr'><em>oslen-</em></span> <span class='ocrx_word' id='word_1_323' title='bbox 2365 3376 2369 3387; x_wconf 85' lang='grc'><em>“</em></span> 
     </span>
     <span class='ocr_line' id='line_1_29' title="bbox 405 3452 2231 3555; baseline -0.002 -22"><span class='ocrx_word' id='word_1_324' title='bbox 405 3460 659 3547; x_wconf 57' lang='grc' dir='ltr'><em>,ικιὶιανίίὶἑαηι</em></span> <span class='ocrx_word' id='word_1_325' title='bbox 685 3464 729 3529; x_wconf 86' lang='lat' dir='ltr'><em>ad</em></span> <span class='ocrx_word' id='word_1_326' title='bbox 760 3455 901 3552; x_wconf 76' lang='lat' dir='ltr'><em>abji&#39;nter</em></span> <span class='ocrx_word' id='word_1_327' title='bbox 929 3457 1046 3548; x_wconf 81' lang='lat' dir='ltr'><em>deferri</em></span> <span class='ocrx_word' id='word_1_328' title='bbox 1059 3458 1204 3548; x_wconf 77' lang='lat' dir='ltr'><em>fhlitam.</em></span> <span class='ocrx_word' id='word_1_329' title='bbox 1254 3458 1314 3526; x_wconf 79' lang='lat' dir='ltr'><em>fa·</em></span> <span class='ocrx_word' id='word_1_330' title='bbox 1357 3455 1484 3532; x_wconf 82' lang='lat' dir='ltr'><em>demus.</em></span> <span class='ocrx_word' id='word_1_331' title='bbox 1534 3458 1599 3546; x_wconf 87' lang='lat' dir='ltr'><em>V.)</em></span> <span class='ocrx_word' id='word_1_332' title='bbox 1624 3458 1780 3555; x_wconf 77' lang='lat' dir='ltr'><em>Qedam</em></span> <span class='ocrx_word' id='word_1_333' title='bbox 1801 3455 1941 3554; x_wconf 84' lang='lat' dir='ltr'><em>exempla</em></span> <span class='ocrx_word' id='word_1_334' title='bbox 1954 3452 2178 3530; x_wconf 87' lang='lat' dir='ltr'><em>adservationie</em></span> <span class='ocrx_word' id='word_1_335' title='bbox 2192 3460 2231 3530; x_wconf 89' lang='lat' dir='ltr'><em>ab</em></span> 
     </span>
     <span class='ocr_line' id='line_1_30' title="bbox 434 3552 2228 3649; baseline -0.003 -19"><span class='ocrx_word' id='word_1_336' title='bbox 434 3561 532 3630; x_wconf 72' lang='lat' dir='ltr'><em>cium</em></span> <span class='ocrx_word' id='word_1_337' title='bbox 546 3558 578 3630; x_wconf 93' lang='lat' dir='ltr'><em>id</em></span> <span class='ocrx_word' id='word_1_338' title='bbox 603 3559 648 3629; x_wconf 88' lang='lat' dir='ltr'><em>est</em></span> <span class='ocrx_word' id='word_1_339' title='bbox 669 3560 858 3637; x_wconf 81' lang='lat' dir='ltr'><em>immediate</em></span> <span class='ocrx_word' id='word_1_340' title='bbox 885 3554 956 3649; x_wconf 90' lang='lat' dir='ltr'><em>poll</em></span> <span class='ocrx_word' id='word_1_341' title='bbox 979 3552 1252 3626; x_wconf 87' lang='lat' dir='ltr'><em>consecrationem</em></span> <span class='ocrx_word' id='word_1_342' title='bbox 1277 3562 1312 3629; x_wconf 78' lang='grc' dir='ltr'>ἀ</span> <span class='ocrx_word' id='word_1_343' title='bbox 1358 3556 1556 3627; x_wconf 87' lang='lat' dir='ltr'><em>inslitutione</em></span> <span class='ocrx_word' id='word_1_344' title='bbox 1577 3554 1742 3627; x_wconf 89' lang='lat' dir='ltr'><em>dominica</em></span> <span class='ocrx_word' id='word_1_345' title='bbox 1769 3553 1835 3626; x_wconf 90' lang='lat' dir='ltr'><em>sunt</em></span> <span class='ocrx_word' id='word_1_346' title='bbox 1848 3558 2044 3642; x_wconf 82' lang='lat' dir='ltr'><em>remotiora,</em></span> <span class='ocrx_word' id='word_1_347' title='bbox 2069 3580 2145 3625; x_wconf 87' lang='lat' dir='ltr'><em>curu</em></span> <span class='ocrx_word' id='word_1_348' title='bbox 2160 3581 2228 3627; x_wconf 88' lang='lat' dir='ltr'><em>non</em></span> 
     </span>
     <span class='ocr_line' id='line_1_31' title="bbox 432 3647 2228 3753; baseline -0.003 -25"><span class='ocrx_word' id='word_1_349' title='bbox 432 3654 640 3753; x_wconf 87' lang='lat' dir='ltr'><em>reliquorum</em></span> <span class='ocrx_word' id='word_1_350' title='bbox 660 3647 987 3727; x_wconf 82' lang='lat' dir='ltr'><em>cornmnnicationem</em></span> <span class='ocrx_word' id='word_1_351' title='bbox 1014 3654 1047 3721; x_wconf 91' lang='lat' dir='ltr'><em>in</em></span> <span class='ocrx_word' id='word_1_352' title='bbox 1062 3673 1144 3725; x_wconf 73' lang='lat' dir='ltr'><em>coetu</em></span> <span class='ocrx_word' id='word_1_353' title='bbox 1163 3653 1312 3725; x_wconf 82' lang='lat' dir='ltr'><em>ecclefia-</em></span> <span class='ocrx_word' id='word_1_354' title='bbox 1355 3651 1544 3727; x_wconf 85' lang='lat' dir='ltr'><em>immediate</em></span> <span class='ocrx_word' id='word_1_355' title='bbox 1557 3656 1767 3746; x_wconf 72' lang='lat' dir='ltr'><em>conjundiam</em></span> <span class='ocrx_word' id='word_1_356' title='bbox 1788 3651 1928 3723; x_wconf 81' lang='lat' dir='ltr'><em>habeant</em></span> <span class='ocrx_word' id='word_1_357' title='bbox 1942 3651 2228 3723; x_wconf 83' lang='lat' dir='ltr'><em>manducationem</em></span> 
     </span>
     <span class='ocr_line' id='line_1_32' title="bbox 437 3744 2228 3849; baseline -0.003 -24"><span class='ocrx_word' id='word_1_358' title='bbox 437 3756 523 3825; x_wconf 87' lang='lat' dir='ltr'><em>llice</em></span> <span class='ocrx_word' id='word_1_359' title='bbox 548 3749 767 3849; x_wconf 65' lang='lat' dir='ltr'><em>antegrtiiam.</em></span> <span class='ocrx_word' id='word_1_360' title='bbox 816 3750 942 3822; x_wconf 86' lang='lat' dir='ltr'><em>Eodem</em></span> <span class='ocrx_word' id='word_1_361' title='bbox 963 3752 1065 3819; x_wconf 91' lang='lat' dir='ltr'><em>modo</em></span> <span class='ocrx_word' id='word_1_362' title='bbox 1089 3752 1310 3849; x_wconf 86' lang='lat' dir='ltr'><em>accipiendum</em></span> <span class='ocrx_word' id='word_1_363' title='bbox 1356 3756 1395 3825; x_wconf 89' lang='lat' dir='ltr'><em>ab</em></span> <span class='ocrx_word' id='word_1_364' title='bbox 1408 3748 1476 3848; x_wconf 91' lang='lat' dir='ltr'><em>ipso</em></span> <span class='ocrx_word' id='word_1_365' title='bbox 1488 3752 1618 3823; x_wconf 88' lang='lat' dir='ltr'><em>Chrisso</em></span> <span class='ocrx_word' id='word_1_366' title='bbox 1633 3758 1664 3823; x_wconf 91' lang='lat' dir='ltr'><em>in</em></span> <span class='ocrx_word' id='word_1_367' title='bbox 1685 3751 1884 3822; x_wconf 88' lang='lat' dir='ltr'><em>inslirurione</em></span> <span class='ocrx_word' id='word_1_368' title='bbox 1904 3744 2024 3847; x_wconf 80' lang='lat' dir='ltr'><em>prascri</em></span> <span class='ocrx_word' id='word_1_369' title='bbox 2049 3769 2113 3819; x_wconf 86' lang='lat' dir='ltr'><em>tatn</em></span> <span class='ocrx_word' id='word_1_370' title='bbox 2129 3762 2228 3825; x_wconf 86' lang='lat' dir='ltr'><em>&amp;re-</em></span> 
     </span>
     <span class='ocr_line' id='line_1_33' title="bbox 437 3776 2311 3951; baseline -0.002 -27"><span class='ocrx_word' id='word_1_371' title='bbox 437 3851 485 3924; x_wconf 79' lang='lat' dir='ltr'><em>etl</em></span> <span class='ocrx_word' id='word_1_372' title='bbox 518 3850 595 3923; x_wconf 91' lang='lat' dir='ltr'><em>illud</em></span> <span class='ocrx_word' id='word_1_373' title='bbox 624 3854 731 3922; x_wconf 82' lang='lat' dir='ltr'><em>ltentei</em></span> <span class='ocrx_word' id='word_1_374' title='bbox 759 3856 791 3920; x_wconf 92' lang='lat' dir='ltr'><em>in</em></span> <span class='ocrx_word' id='word_1_375' title='bbox 818 3849 906 3944; x_wconf 86' lang='lat' dir='ltr'><em>episi.</em></span> <span class='ocrx_word' id='word_1_376' title='bbox 934 3845 974 3917; x_wconf 89' lang='lat' dir='ltr'><em>ad</em></span> <span class='ocrx_word' id='word_1_377' title='bbox 1005 3848 1175 3924; x_wconf 70' lang='lat' dir='ltr'><em>Villorem</em></span> <span class='ocrx_word' id='word_1_378' title='bbox 1192 3875 1309 3946; x_wconf 91' lang='lat' dir='ltr'><em>papam</em></span> <span class='ocrx_word' id='word_1_379' title='bbox 1356 3848 1519 3951; x_wconf 84' lang='lat' dir='ltr'><em>quisitam.</em></span> <span class='ocrx_word' id='word_1_380' title='bbox 1566 3852 1747 3947; x_wconf 75' lang='lat' dir='ltr'><em>Cyprianus</em></span> <span class='ocrx_word' id='word_1_381' title='bbox 1771 3848 1864 3920; x_wconf 88' lang='lat' dir='ltr'><em>serm.</em></span> <span class='ocrx_word' id='word_1_382' title='bbox 1897 3849 1937 3921; x_wconf 90' lang='lat' dir='ltr'><em>de</em></span> <span class='ocrx_word' id='word_1_383' title='bbox 1958 3776 2050 3945; x_wconf 67' lang='lat' dir='ltr'><em>laplsa</em></span> <span class='ocrx_word' id='word_1_384' title='bbox 2078 3872 2224 3921; x_wconf 83' lang='lat' dir='ltr'><em>comme·</em></span> <span class='ocrx_word' id='word_1_385' title='bbox 2308 3939 2311 3944; x_wconf 27' lang='grc' dir='ltr'>Ι</span> 
     </span>
     <span class='ocr_line' id='line_1_34' title="bbox 393 3945 2237 4046; baseline 0.001 -28"><span class='ocrx_word' id='word_1_386' title='bbox 393 3953 399 3960; x_wconf 88' lang='grc'><strong>’</strong></span> <span class='ocrx_word' id='word_1_387' title='bbox 438 3973 457 4018; x_wconf 84' lang='lat' dir='ltr'><em>a</em></span> <span class='ocrx_word' id='word_1_388' title='bbox 485 3952 528 4024; x_wconf 89' lang='lat' dir='ltr'><em>ud</em></span> <span class='ocrx_word' id='word_1_389' title='bbox 546 3947 716 4024; x_wconf 81' lang='lat' dir='ltr'><em>Eusebium</em></span> <span class='ocrx_word' id='word_1_390' title='bbox 732 3946 802 4017; x_wconf 87' lang='lat' dir='ltr'><em>libr.</em></span> <span class='ocrx_word' id='word_1_391' title='bbox 817 3949 859 4016; x_wconf 89' lang='lat' dir='ltr'><em>V.</em></span> <span class='ocrx_word' id='word_1_392' title='bbox 883 3945 955 4019; x_wconf 83' lang='lat' dir='ltr'><em>bisi.</em></span> <span class='ocrx_word' id='word_1_393' title='bbox 970 3971 1041 4041; x_wconf 88' lang='lat' dir='ltr'><em>cap.</em></span> <span class='ocrx_word' id='word_1_394' title='bbox 1064 3972 1120 4027; x_wconf 79' lang='lat'><em>²4·</em></span> <span class='ocrx_word' id='word_1_395' title='bbox 1147 3954 1234 4044; x_wconf 82' lang='lat' dir='ltr'><em>qood</em></span> <span class='ocrx_word' id='word_1_396' title='bbox 1255 3975 1310 4017; x_wconf 90' lang='lat' dir='ltr'><em>eu·</em></span> <span class='ocrx_word' id='word_1_397' title='bbox 1358 3966 1484 4022; x_wconf 85' lang='lat' dir='ltr'><em>morat,</em></span> <span class='ocrx_word' id='word_1_398' title='bbox 1513 3951 1714 4019; x_wconf 80' lang='lat' dir='ltr'><em>mulierculas</em></span> <span class='ocrx_word' id='word_1_399' title='bbox 1748 3954 1905 4046; x_wconf 86' lang='lat' dir='ltr'><em>quasdam</em></span> <span class='ocrx_word' id='word_1_400' title='bbox 1944 3946 2166 4043; x_wconf 76' lang='lat' dir='ltr'><em>menanfliam</em></span> <span class='ocrx_word' id='word_1_401' title='bbox 2191 3952 2237 4021; x_wconf 82' lang='lat' dir='ltr'><em>in&#39;</em></span> 
     </span>
     <span class='ocr_line' id='line_1_35' title="bbox 476 4045 2222 4145; baseline -0.001 -26"><span class='ocrx_word' id='word_1_402' title='bbox 476 4047 590 4145; x_wconf 62' lang='lat' dir='ltr'><em>anysio</em></span> <span class='ocrx_word' id='word_1_403' title='bbox 604 4047 753 4141; x_wconf 76' lang='lat' dir='ltr'><em>episeopis</em></span> <span class='ocrx_word' id='word_1_404' title='bbox 761 4047 944 4142; x_wconf 78' lang='lat' dir='ltr'><em>peregrinis</em></span> <span class='ocrx_word' id='word_1_405' title='bbox 964 4046 1100 4115; x_wconf 74' lang='lat' dir='ltr'><em>Rouana</em></span> <span class='ocrx_word' id='word_1_406' title='bbox 1116 4051 1309 4120; x_wconf 85' lang='lat' dir='ltr'><em>uenientibus</em></span> <span class='ocrx_word' id='word_1_407' title='bbox 1355 4048 1475 4118; x_wconf 83' lang='lat' dir='ltr'><em>arealis</em></span> <span class='ocrx_word' id='word_1_408' title='bbox 1505 4045 1553 4121; x_wconf 63' lang='grc'><em>89</em></span> <span class='ocrx_word' id='word_1_409' title='bbox 1573 4048 1755 4142; x_wconf 66' lang='lat' dir='ltr'><em>strophiolo</em></span> <span class='ocrx_word' id='word_1_410' title='bbox 1784 4051 1870 4118; x_wconf 90' lang='lat' dir='ltr'><em>domi</em></span> <span class='ocrx_word' id='word_1_411' title='bbox 1893 4047 2065 4141; x_wconf 69' lang='lat' dir='ltr'><em>adstruere</em></span> <span class='ocrx_word' id='word_1_412' title='bbox 2093 4049 2222 4141; x_wconf 82' lang='lat' dir='ltr'><em>solitas.</em></span> 
     </span>
     <span class='ocr_line' id='line_1_36' title="bbox 436 4142 2223 4244; baseline -0.001 -28"><span class='ocrx_word' id='word_1_413' title='bbox 436 4148 475 4216; x_wconf 72' lang='lat' dir='ltr'><em>iu</em></span> <span class='ocrx_word' id='word_1_414' title='bbox 513 4147 723 4243; x_wconf 80' lang='lat' dir='ltr'><em>testimonium</em></span> <span class='ocrx_word' id='word_1_415' title='bbox 756 4147 892 4215; x_wconf 83' lang='lat' dir='ltr'><em>unitatis</em></span> <span class='ocrx_word' id='word_1_416' title='bbox 922 4142 968 4216; x_wconf 62' lang='grc' dir='ltr'><em>ΕΤ</em></span> <span class='ocrx_word' id='word_1_417' title='bbox 993 4147 1174 4215; x_wconf 78' lang='lat' dir='ltr'><em>concordiae</em></span> <span class='ocrx_word' id='word_1_418' title='bbox 1200 4146 1309 4242; x_wconf 85' lang='lat' dir='ltr'><em>feerit</em></span> <span class='ocrx_word' id='word_1_419' title='bbox 1355 4152 1408 4220; x_wconf 88' lang='lat' dir='ltr'><em>De</em></span> <span class='ocrx_word' id='word_1_420' title='bbox 1427 4147 1486 4214; x_wconf 83' lang='lat' dir='ltr'><em>hac</em></span> <span class='ocrx_word' id='word_1_421' title='bbox 1499 4150 1620 4244; x_wconf 84' lang='lat' dir='ltr'><em>privata</em></span> <span class='ocrx_word' id='word_1_422' title='bbox 1634 4142 1853 4224; x_wconf 86' lang='lat' dir='ltr'><em>reservatione</em></span> <span class='ocrx_word' id='word_1_423' title='bbox 1866 4142 2061 4217; x_wconf 75' lang='lat' dir='ltr'><em>eucharistia</em></span> <span class='ocrx_word' id='word_1_424' title='bbox 2079 4149 2142 4240; x_wconf 92' lang='lat' dir='ltr'><em>(in</em></span> <span class='ocrx_word' id='word_1_425' title='bbox 2159 4170 2223 4242; x_wconf 89' lang='lat' dir='ltr'><em>qua</em></span> 
     </span>
     <span class='ocr_line' id='line_1_37' title="bbox 438 4239 2255 4343; baseline -0.001 -28"><span class='ocrx_word' id='word_1_426' title='bbox 438 4242 546 4343; x_wconf 74' lang='lat' dir='ltr'><em>nriffa.</em></span> <span class='ocrx_word' id='word_1_427' title='bbox 595 4242 790 4343; x_wconf 77' lang='lat' dir='ltr'><em>Quotidiano</em></span> <span class='ocrx_word' id='word_1_428' title='bbox 812 4265 888 4313; x_wconf 88' lang='lat' dir='ltr'><em>tunc</em></span> <span class='ocrx_word' id='word_1_429' title='bbox 905 4243 936 4310; x_wconf 91' lang='lat' dir='ltr'><em>in</em></span> <span class='ocrx_word' id='word_1_430' title='bbox 952 4241 1309 4314; x_wconf 62' lang='lat' dir='ltr'><em>ecclesiiscelebrabatur</em></span> <span class='ocrx_word' id='word_1_431' title='bbox 1354 4239 2255 4342; x_wconf 68' lang='lat' dir='ltr'><em>velutrumqnecorporis&amp;sanguinisantitypumex,</em></span> 
     </span>
     <span class='ocr_line' id='line_1_38' title="bbox 437 4331 2340 4438; baseline 0 -24"><span class='ocrx_word' id='word_1_432' title='bbox 437 4346 648 4429; x_wconf 81' lang='lat' dir='ltr'><em>communio,</em></span> <span class='ocrx_word' id='word_1_433' title='bbox 674 4357 710 4411; x_wconf 89' lang='lat' dir='ltr'><em>ut</em></span> <span class='ocrx_word' id='word_1_434' title='bbox 731 4366 769 4412; x_wconf 87' lang='lat' dir='ltr'><em>ex</em></span> <span class='ocrx_word' id='word_1_435' title='bbox 789 4342 978 4435; x_wconf 81' lang='lat' dir='ltr'><em>antiquitate</em></span> <span class='ocrx_word' id='word_1_436' title='bbox 996 4363 1111 4410; x_wconf 90' lang='lat' dir='ltr'><em>notum</em></span> <span class='ocrx_word' id='word_1_437' title='bbox 1135 4331 1310 4438; x_wconf 58' lang='lat' dir='ltr'><em>isseper-</em></span> <span class='ocrx_word' id='word_1_438' title='bbox 1354 4340 1590 4415; x_wconf 77' lang='lat' dir='ltr'><em>entuecclelire</em></span> <span class='ocrx_word' id='word_1_439' title='bbox 1613 4342 1750 4413; x_wconf 89' lang='lat' dir='ltr'><em>domum</em></span> <span class='ocrx_word' id='word_1_440' title='bbox 1768 4337 2086 4431; x_wconf 75' lang='lat' dir='ltr'><em>secamdeferebmr,</em></span> <span class='ocrx_word' id='word_1_441' title='bbox 2123 4339 2231 4418; x_wconf 77' lang='lat' dir='ltr'><em>velex.-</em></span> <span class='ocrx_word' id='word_1_442' title='bbox 2335 4334 2340 4344; x_wconf 77' lang='grc'><strong>’</strong></span> 
     </span>
     <span class='ocr_line' id='line_1_39' title="bbox 436 4437 2221 4538; baseline -0.001 -25"><span class='ocrx_word' id='word_1_443' title='bbox 436 4441 514 4513; x_wconf 73' lang='lat' dir='ltr'><em>edla</em></span> <span class='ocrx_word' id='word_1_444' title='bbox 532 4443 631 4538; x_wconf 80' lang='lat' dir='ltr'><em>igitur</em></span> <span class='ocrx_word' id='word_1_445' title='bbox 655 4442 688 4509; x_wconf 89' lang='lat' dir='ltr'><em>in</em></span> <span class='ocrx_word' id='word_1_446' title='bbox 718 4457 800 4510; x_wconf 81' lang='lat' dir='ltr'><em>coetu</em></span> <span class='ocrx_word' id='word_1_447' title='bbox 833 4438 961 4534; x_wconf 82' lang='lat' dir='ltr'><em>publico</em></span> <span class='ocrx_word' id='word_1_448' title='bbox 980 4440 1227 4525; x_wconf 75' lang='lat' dir='ltr'><em>commuttione‚</em></span> <span class='ocrx_word' id='word_1_449' title='bbox 1250 4464 1308 4535; x_wconf 84' lang='lat' dir='ltr'><em>per</em></span> <span class='ocrx_word' id='word_1_450' title='bbox 1353 4437 1449 4513; x_wconf 84' lang='lat' dir='ltr'><em>calice</em></span> <span class='ocrx_word' id='word_1_451' title='bbox 1470 4443 1605 4513; x_wconf 88' lang='lat' dir='ltr'><em>Domini</em></span> <span class='ocrx_word' id='word_1_452' title='bbox 1621 4439 1794 4512; x_wconf 85' lang='lat' dir='ltr'><em>inecclelia</em></span> <span class='ocrx_word' id='word_1_453' title='bbox 1810 4438 1985 4518; x_wconf 86' lang='lat' dir='ltr'><em>bibebant,</em></span> <span class='ocrx_word' id='word_1_454' title='bbox 2012 4463 2130 4535; x_wconf 89' lang='lat' dir='ltr'><em>panem</em></span> <span class='ocrx_word' id='word_1_455' title='bbox 2141 4463 2221 4512; x_wconf 85' lang='lat' dir='ltr'><em>vero</em></span> 
     </span>
     <span class='ocr_line' id='line_1_40' title="bbox 406 4532 2221 4635; baseline -0.002 -23"><span class='ocrx_word' id='word_1_456' title='bbox 406 4615 413 4620; x_wconf 78' lang='grc'><strong>,</strong></span> <span class='ocrx_word' id='word_1_457' title='bbox 436 4538 600 4613; x_wconf 73' lang='lat' dir='ltr'><em>diaconos</em></span> <span class='ocrx_word' id='word_1_458' title='bbox 617 4538 657 4608; x_wconf 86' lang='lat' dir='ltr'><em>ad</em></span> <span class='ocrx_word' id='word_1_459' title='bbox 670 4559 810 4635; x_wconf 85' lang='lat' dir='ltr'><em>aegrotos</em></span> <span class='ocrx_word' id='word_1_460' title='bbox 833 4535 883 4623; x_wconf 70' lang='lat' dir='ltr'><em>vel</em></span> <span class='ocrx_word' id='word_1_461' title='bbox 901 4539 1086 4631; x_wconf 85' lang='lat' dir='ltr'><em>peregrinos</em></span> <span class='ocrx_word' id='word_1_462' title='bbox 1107 4532 1168 4606; x_wconf 90' lang='lat' dir='ltr'><em>fuit</em></span> <span class='ocrx_word' id='word_1_463' title='bbox 1183 4536 1284 4609; x_wconf 83' lang='lat' dir='ltr'><em>delata</em></span> <span class='ocrx_word' id='word_1_464' title='bbox 1295 4541 1319 4623; x_wconf 86' lang='lat'><em>,&#39;</em></span> <span class='ocrx_word' id='word_1_465' title='bbox 1353 4537 1554 4609; x_wconf 86' lang='lat' dir='ltr'><em>dominicum</em></span> <span class='ocrx_word' id='word_1_466' title='bbox 1570 4534 1673 4609; x_wconf 86' lang='lat' dir='ltr'><em>secum</em></span> <span class='ocrx_word' id='word_1_467' title='bbox 1689 4540 1858 4635; x_wconf 85' lang='lat' dir='ltr'><em>portabant</em></span> <span class='ocrx_word' id='word_1_468' title='bbox 1874 4538 2035 4617; x_wconf 87' lang='lat' dir='ltr'><em>domum,</em></span> <span class='ocrx_word' id='word_1_469' title='bbox 2063 4539 2221 4634; x_wconf 73' lang='lat' dir='ltr'><em>ibique&amp;</em></span> 
     </span>
     <span class='ocr_line' id='line_1_41' title="bbox 435 4631 2228 4734; baseline -0.002 -24"><span class='ocrx_word' id='word_1_470' title='bbox 435 4659 642 4734; x_wconf 82' lang='lat' dir='ltr'><em>nequaquam</em></span> <span class='ocrx_word' id='word_1_471' title='bbox 659 4658 735 4705; x_wconf 88' lang='lat' dir='ltr'><em>vero</em></span> <span class='ocrx_word' id='word_1_472' title='bbox 751 4656 808 4730; x_wconf 89' lang='lat' dir='ltr'><em>per</em></span> <span class='ocrx_word' id='word_1_473' title='bbox 823 4633 947 4728; x_wconf 86' lang='lat' dir='ltr'><em>aliquot</em></span> <span class='ocrx_word' id='word_1_474' title='bbox 973 4639 1040 4705; x_wconf 82' lang='lat' dir='ltr'><em>dies</em></span> <span class='ocrx_word' id='word_1_475' title='bbox 1064 4631 1226 4720; x_wconf 86' lang='lat' dir='ltr'><em>reservata,</em></span> <span class='ocrx_word' id='word_1_476' title='bbox 1257 4636 1307 4707; x_wconf 80' lang='lat' dir='ltr'><em>vel</em></span> <span class='ocrx_word' id='word_1_477' title='bbox 1351 4635 1549 4721; x_wconf 87' lang='lat' dir='ltr'><em>antecibum,</em></span> <span class='ocrx_word' id='word_1_478' title='bbox 1560 4637 1609 4706; x_wconf 84' lang='lat' dir='ltr'><em>vel</em></span> <span class='ocrx_word' id='word_1_479' title='bbox 1622 4642 1654 4708; x_wconf 89' lang='lat' dir='ltr'><em>in</em></span> <span class='ocrx_word' id='word_1_480' title='bbox 1670 4636 1826 4733; x_wconf 82' lang='lat' dir='ltr'><em>perieulis,</em></span> <span class='ocrx_word' id='word_1_481' title='bbox 1839 4634 1888 4704; x_wconf 90' lang='lat' dir='ltr'><em>vel</em></span> <span class='ocrx_word' id='word_1_482' title='bbox 1897 4637 2075 4709; x_wconf 87' lang='lat' dir='ltr'><em>inchoaturi</em></span> <span class='ocrx_word' id='word_1_483' title='bbox 2087 4635 2228 4733; x_wconf 83' lang='lat' dir='ltr'><em>aliquid,-</em></span> 
     </span>
     <span class='ocr_line' id='line_1_42' title="bbox 436 4721 2222 4834; baseline 0.002 -31"><span class='ocrx_word' id='word_1_484' title='bbox 436 4721 480 4810; x_wconf 69' lang='lat' dir='ltr'><em>id</em></span> <span class='ocrx_word' id='word_1_485' title='bbox 497 4741 703 4834; x_wconf 78' lang='lat' dir='ltr'><em>pompam&amp;</em></span> <span class='ocrx_word' id='word_1_486' title='bbox 722 4730 1200 4828; x_wconf 58' lang='lat' dir='ltr'><em>spectionemcircumgellata.</em></span> <span class='ocrx_word' id='word_1_487' title='bbox 1234 4741 1307 4806; x_wconf 87' lang='lat' dir='ltr'><em>Fru-</em></span> <span class='ocrx_word' id='word_1_488' title='bbox 1353 4759 1427 4807; x_wconf 84' lang='lat' dir='ltr'><em>eum</em></span> <span class='ocrx_word' id='word_1_489' title='bbox 1451 4735 1709 4822; x_wconf 85' lang='lat' dir='ltr'><em>manducabant)</em></span> <span class='ocrx_word' id='word_1_490' title='bbox 1733 4733 2024 4832; x_wconf 88' lang='lat' dir='ltr'><em>loquuntur-etiam</em></span> <span class='ocrx_word' id='word_1_491' title='bbox 2047 4738 2222 4810; x_wconf 65' lang='lat' dir='ltr'><em>Tertulliaa</em></span> 
     </span>
     <span class='ocr_line' id='line_1_43' title="bbox 415 4825 2221 4930; baseline -0.006 -16"><span class='ocrx_word' id='word_1_492' title='bbox 415 4899 419 4914; x_wconf 88' lang='grc'><em>,</em></span> <span class='ocrx_word' id='word_1_493' title='bbox 435 4833 503 4910; x_wconf 83' lang='lat' dir='ltr'><em>slra</em></span> <span class='ocrx_word' id='word_1_494' title='bbox 520 4835 619 4930; x_wconf 86' lang='lat' dir='ltr'><em>igitur</em></span> <span class='ocrx_word' id='word_1_495' title='bbox 634 4852 817 4926; x_wconf 83' lang='lat' dir='ltr'><em>propugnat</em></span> <span class='ocrx_word' id='word_1_496' title='bbox 841 4829 1044 4900; x_wconf 76' lang='lat' dir='ltr'><em>bellarminus</em></span> <span class='ocrx_word' id='word_1_497' title='bbox 1060 4825 1144 4902; x_wconf 86' lang='lat' dir='ltr'><em>hisce</em></span> <span class='ocrx_word' id='word_1_498' title='bbox 1157 4829 1307 4927; x_wconf 73' lang='lat' dir='ltr'><em>metriplir</em></span> <span class='ocrx_word' id='word_1_499' title='bbox 1353 4858 1412 4903; x_wconf 89' lang='lat' dir='ltr'><em>nus</em></span> <span class='ocrx_word' id='word_1_500' title='bbox 1428 4831 1499 4903; x_wconf 90' lang='lat' dir='ltr'><em>libr.</em></span> <span class='ocrx_word' id='word_1_501' title='bbox 1515 4835 1557 4905; x_wconf 91' lang='lat' dir='ltr'><em>ll.</em></span> <span class='ocrx_word' id='word_1_502' title='bbox 1574 4833 1614 4902; x_wconf 88' lang='lat' dir='ltr'><em>ad</em></span> <span class='ocrx_word' id='word_1_503' title='bbox 1631 4856 1785 4911; x_wconf 85' lang='lat' dir='ltr'><em>uxorem,</em></span> <span class='ocrx_word' id='word_1_504' title='bbox 1811 4830 1937 4901; x_wconf 79' lang='lat' dir='ltr'><em>basilius</em></span> <span class='ocrx_word' id='word_1_505' title='bbox 1952 4834 1984 4899; x_wconf 92' lang='lat' dir='ltr'><em>in</em></span> <span class='ocrx_word' id='word_1_506' title='bbox 1997 4832 2087 4926; x_wconf 87' lang='lat' dir='ltr'><em>episi.</em></span> <span class='ocrx_word' id='word_1_507' title='bbox 2103 4836 2140 4906; x_wconf 86' lang='lat' dir='ltr'><em>ad</em></span> <span class='ocrx_word' id='word_1_508' title='bbox 2151 4841 2221 4909; x_wconf 80' lang='lat' dir='ltr'><em>Cae.</em></span> 
     </span>
     <span class='ocr_line' id='line_1_44' title="bbox 433 4926 2348 5027; baseline -0.001 -21"><span class='ocrx_word' id='word_1_509' title='bbox 433 4927 723 5020; x_wconf 80' lang='lat' dir='ltr'><em>adservationem,</em></span> <span class='ocrx_word' id='word_1_510' title='bbox 758 4926 1005 4999; x_wconf 83' lang='lat' dir='ltr'><em>ollenrationem</em></span> <span class='ocrx_word' id='word_1_511' title='bbox 1033 4938 1067 5002; x_wconf 82' lang='lat' dir='ltr'><em>bt</em></span> <span class='ocrx_word' id='word_1_512' title='bbox 1090 4931 1312 5027; x_wconf 78' lang='lat' dir='ltr'><em>circumgesta-&#39;</em></span> <span class='ocrx_word' id='word_1_513' title='bbox 1351 4928 1489 5012; x_wconf 82' lang='lat' dir='ltr'><em>sariam,</em></span> <span class='ocrx_word' id='word_1_514' title='bbox 1515 4932 1737 5002; x_wconf 78' lang='lat' dir='ltr'><em>Nazianzenus</em></span> <span class='ocrx_word' id='word_1_515' title='bbox 1760 4929 2053 5026; x_wconf 82' lang='lat' dir='ltr'><em>ornt.inGotgon.</em></span> <span class='ocrx_word' id='word_1_516' title='bbox 2081 4937 2223 5006; x_wconf 80' lang='lat' dir='ltr'><em>Atrrbro-</em></span> <span class='ocrx_word' id='word_1_517' title='bbox 2343 5015 2348 5020; x_wconf 44' lang='grc'><strong>,</strong></span> 
     </span>
     <span class='ocr_line' id='line_1_45' title="bbox 432 5015 2220 5125; baseline 0.001 -24"><span class='ocrx_word' id='word_1_518' title='bbox 432 5031 560 5102; x_wconf 82' lang='lat' dir='ltr'><em>tionem</em></span> <span class='ocrx_word' id='word_1_519' title='bbox 594 5030 627 5100; x_wconf 92' lang='lat' dir='ltr'><em>in</em></span> <span class='ocrx_word' id='word_1_520' title='bbox 654 5022 791 5096; x_wconf 78' lang='lat' dir='ltr'><em>ecclesiia</em></span> <span class='ocrx_word' id='word_1_521' title='bbox 812 5023 986 5122; x_wconf 73' lang='lat' dir='ltr'><em>ponbficiis</em></span> <span class='ocrx_word' id='word_1_522' title='bbox 1006 5024 1161 5098; x_wconf 85' lang='lat' dir='ltr'><em>usitatam.</em></span> <span class='ocrx_word' id='word_1_523' title='bbox 1219 5030 1306 5101; x_wconf 84' lang='lat' dir='ltr'><em>Nam</em></span> <span class='ocrx_word' id='word_1_524' title='bbox 1355 5030 1417 5102; x_wconf 85' lang='lat' dir='ltr'><em>stus</em></span> <span class='ocrx_word' id='word_1_525' title='bbox 1435 5028 1475 5102; x_wconf 87' lang='lat' dir='ltr'><em>de</em></span> <span class='ocrx_word' id='word_1_526' title='bbox 1490 5027 1582 5099; x_wconf 87' lang='lat' dir='ltr'><em>obitu</em></span> <span class='ocrx_word' id='word_1_527' title='bbox 1598 5027 1704 5100; x_wconf 83' lang='lat' dir='ltr'><em>fratris</em></span> <span class='ocrx_word' id='word_1_528' title='bbox 1729 5030 1857 5121; x_wconf 83' lang='lat' dir='ltr'><em>Saayri,</em></span> <span class='ocrx_word' id='word_1_529' title='bbox 1875 5015 1944 5122; x_wconf 64' lang='lat' dir='ltr'><em>cap]</em></span> <span class='ocrx_word' id='word_1_530' title='bbox 1971 5052 2006 5111; x_wconf 78' lang='lat'><em>7.</em></span> <span class='ocrx_word' id='word_1_531' title='bbox 2060 5034 2220 5125; x_wconf 76' lang='lat' dir='ltr'><em>Hierony·</em></span> 
     </span>
     <span class='ocr_line' id='line_1_46' title="bbox 431 5122 2223 5225; baseline 0.007 -34"><span class='ocrx_word' id='word_1_532' title='bbox 431 5131 468 5202; x_wconf 80' lang='lat' dir='ltr'><em>in</em></span> <span class='ocrx_word' id='word_1_533' title='bbox 488 5149 575 5200; x_wconf 73' lang='lat' dir='ltr'><em>coeru</em></span> <span class='ocrx_word' id='word_1_534' title='bbox 592 5122 822 5212; x_wconf 74' lang='lat' dir='ltr'><em>ecclesiastico,</em></span> <span class='ocrx_word' id='word_1_535' title='bbox 845 5128 878 5195; x_wconf 91' lang='lat' dir='ltr'><em>in</em></span> <span class='ocrx_word' id='word_1_536' title='bbox 893 5149 961 5221; x_wconf 91' lang='lat' dir='ltr'><em>quo</em></span> <span class='ocrx_word' id='word_1_537' title='bbox 975 5122 1308 5200; x_wconf 81' lang='lat' dir='ltr'><em>eucharistiaeelebra·</em></span> <span class='ocrx_word' id='word_1_538' title='bbox 1353 5153 1423 5199; x_wconf 86' lang='lat' dir='ltr'><em>mus</em></span> <span class='ocrx_word' id='word_1_539' title='bbox 1437 5130 1470 5197; x_wconf 90' lang='lat' dir='ltr'><em>in</em></span> <span class='ocrx_word' id='word_1_540' title='bbox 1488 5126 1574 5225; x_wconf 86' lang='lat' dir='ltr'><em>apol.</em></span> <span class='ocrx_word' id='word_1_541' title='bbox 1590 5153 1651 5225; x_wconf 87' lang='lat' dir='ltr'><em>pro</em></span> <span class='ocrx_word' id='word_1_542' title='bbox 1680 5124 1769 5199; x_wconf 80' lang='lat' dir='ltr'><em>libris</em></span> <span class='ocrx_word' id='word_1_543' title='bbox 1794 5127 1869 5203; x_wconf 84' lang='lat' dir='ltr'><em>adr.</em></span> <span class='ocrx_word' id='word_1_544' title='bbox 1892 5130 2109 5215; x_wconf 73' lang='lat' dir='ltr'><em>jovinianum.</em></span> <span class='ocrx_word' id='word_1_545' title='bbox 2158 5129 2223 5204; x_wconf 80' lang='lat' dir='ltr'><em>sed</em></span> 
     </span>
    </p>
   </div>
   <div class='ocr_carea' id='block_1_3' title="bbox 488 5195 2307 5325">
    <p class='ocr_par' dir='ltr' id='par_1_3' title="bbox 488 5195 2307 5325">
     <span class='ocr_line' id='line_1_47' title="bbox 488 5195 2307 5325; baseline 0.001 -25"><span class='ocrx_word' id='word_1_546' title='bbox 488 5227 589 5301; x_wconf 83' lang='lat' dir='ltr'><em>Tam.</em></span> <span class='ocrx_word' id='word_1_547' title='bbox 612 5226 661 5297; x_wconf 80' lang='lat' dir='ltr'><em>X.</em></span> <span class='ocrx_word' id='word_1_548' title='bbox 1347 5279 1352 5290; x_wconf 82' lang='lat'><em>,</em></span> <span class='ocrx_word' id='word_1_549' title='bbox 1403 5224 1436 5295; x_wconf 90' lang='lat' dir='ltr'>U</span> <span class='ocrx_word' id='word_1_550' title='bbox 1457 5254 1477 5303; x_wconf 90' lang='lat' dir='ltr'><em>u</em></span> <span class='ocrx_word' id='word_1_551' title='bbox 1585 5316 1587 5321; x_wconf 89' lang='lat'><em>.</em></span> <span class='ocrx_word' id='word_1_552' title='bbox 1927 5249 1935 5257; x_wconf 90' lang='grc'><em>·</em></span> <span class='ocrx_word' id='word_1_553' title='bbox 2114 5195 2280 5325; x_wconf 63' lang='lat' dir='ltr'><em>poneres</em></span> <span class='ocrx_word' id='word_1_554' title='bbox 2303 5293 2307 5301; x_wconf 93' lang='lat'>.</span> 
     </span>
    </p>
   </div>
   <div class='ocr_carea' id='block_1_4' title="bbox 0 0 2692 6209">
    <p class='ocr_par' dir='ltr' id='par_1_4' title="bbox 0 0 2692 6209">
     <span class='ocr_line' id='line_1_48' title="bbox 0 0 2692 6209; baseline 0 8"><span class='ocrx_word' id='word_1_555' title='bbox 0 0 2692 6209; x_wconf 95' lang='lat' dir='ltr'><em> </em></span> 
     </span>
    </p>
   </div>
  </div>
 </body>
</html>
