5375 6209
526 449 601 583 aet
889 449 894 462 ’
939 497 942 504 ·
1158 492 1292 570 eom
1316 495 1443 571 xxn.
1471 493 1584 576 eae.
1617 493 1668 577 a

526 635 1404 773 'ad‘negatiotiemomnia'modipraesentimnondislti·
1444 647 1538 748 l'luta
1559 673 1599 748 ad
1622 701 1658 749 ar
1682 678 1806 750 umenti
1819 627 1914 771 lanius
1932 674 2175 775 explicationem
2203 675 2328 756 adlerti

406 853 408 858 ,
527 767 892 844 butoaddillributum.
942 775 1073 871 Corpus
1093 773 1268 845 Chrissieo
1285 774 1402 852 modo,
1444 791 1616 871 poterant,
1658 777 1697 847 ed
1717 801 1753 846 ea
1768 780 1901 871 proprie
1917 783 2075 872 pertinent
2092 774 2133 845 ad
2155 777 2331 852 articulum

526 890 596 966 quo
610 872 642 939 in
661 867 744 939 coelo
763 863 806 940 est
822 922 834 947 ,
851 872 895 943 in
909 867 994 943 sarra
1009 897 1099 943 eoena
1116 875 1240 943 nonest
1257 871 1404 971 praesens,
1444 871 1500 944 da'
1515 869 1720 945 adscensione
1748 876 1867 945 Christi
1898 875 1938 944 ad
1968 875 2065 945 coelos
2086 923 2098 952 ,
2127 876 2333 977 eandemque

438 1058 440 1061 Ι
482 988 486 995 ·
527 989 563 1038 at
581 988 677 1038 exeo
699 989 766 1037 non
784 972 887 1063 potest
909 967 1048 1049 inferri,
1076 971 1165 1068 quud
1189 970 1279 1042 nullo
1302 971 1405 1044 modo
1443 967 1549 1044 secuta
1567 968 1607 1042 ad
1625 970 1770 1044 dextram
1787 974 1887 1044 l’atris
1903 968 2046 1045 sessione.

526 1059 764 1150 insacracoena
781 1061 916 1163 presens
933 1066 980 1139 fit.
1031 1068 1403 1142 BonaventuralianV.
1459 1057 1464 1076 ⁸
2136 1065 2140 1076 ’

414 1159 416 1172 '
525 1157 605 1237 sent.
626 1159 698 1235 dist.
719 1185 771 1236 ιο.
794 1191 827 1264 p.
845 1190 920 1266 1.q.
942 1187 974 1242 3.
998 1193 1037 1239 ex
1052 1170 1260 1240 Innocentio:
1286 1170 1406 1264 Quem·
1493 1163 1531 1265 ᾗ.
1567 1167 1646 1245 XC.
1685 1168 1767 1257 Ill)
1802 1174 1914 1245 Verba
1951 1196 2054 1244 cetrae

527 1247 718 1356 admoduns
720 1262 786 1335 Dei
796 1262 892 1361 filius
902 1266 1081 1360 secandum
1092 1268 1294 1339 divinitatem
1310 1268 1403 1338 habet
1444 1259 2055 1363 aardp‘nrdeacceptainseronttrons·
2123 1266 2178 1350 3·)
2211 1271 2307 1333 Vtri·

524 1361 683 1457 triplicem
704 1368 833 1435 modum
860 1362 992 1464 effredi,
1014 1369 1049 1436 in
1067 1367 1211 1437 omnibus
1227 1391 1290 1462 per
1308 1364 1411 1465 effen·
1433 1363 1745 1460 substantiationem.
1772 1366 1868 1465 Resp.
1900 1371 1944 1457 ι.)
1956 1371 2053 1441 Chri·
2162 1370 2258 1440 sm

525 1461 637 1537 tiam,
663 1462 698 1531 ἐκ
700 1460 798 1561 justu
809 1488 869 1559 per
884 1469 1059 1563 gratiam,
1083 1468 1119 1534 in
1141 1464 1266 1561 Christo
1278 1478 1402 1560 per'u·
1443 1461 1587 1534 sluanon
1610 1463 1704 1533 dicit:
1731 1470 1820 1561 panis
1838 1465 1883 1537 ell
1909 1491 2051 1562 corpus,
2106 1441 2319 1612 ‘mm

461 1552 481 1566 ”
524 1559 680 1634 arionem:
691 1562 741 1659 stc
760 1586 875 1657 eorpus
896 1564 1015 1659 Certjlt
1037 1564 1230 1662 localiterefl
1255 1568 1289 1635 in
1309 1564 1399 1640 eolo,
1441 1557 1497 1633 sed
1518 1566 1551 1631 in
1575 1561 1798 1636 distributione
1820 1565 1979 1636 benedieti
1997 1592 2052 1663 pa·
2102 1627 2172 1667 m,
2188 1607 2338 1688 ΝΜ,

366 1703 373 1715 -
525 1657 664 1756 (dextre
689 1656 723 1728 id
756 1659 1018 1759 intelligendum,
1055 1686 1091 1733 ut
1114 1662 1186 1733 alibi
1204 1661 1402 1760 exponitur)
1441 1660 1588 1732 niedieit:
1620 1663 1791 1753 Accipite,
1808 1667 1973 1751 comedite,
1999 1667 2055 1738 loe
2093 1686 2320 1763 stremonium.
2346 1709 2357 1744 ·.

519 1756 733 1856 personaliter
751 1761 786 1830 in
798 1766 913 1839 verbo,
930 1762 1213 1858 fiteromentaliter
1231 1765 1265 1832 in
1289 1764 1402 1834 altari.
1443 1758 1613 1855 esleorpur
1631 1783 1746 1833 meum.
1797 1761 1834 1831 ld
1856 1761 1946 1857 quod
1961 1764 2050 1836 vobis
2314 1824 2317 1829 .

525 1857 603 1929 Luc,
622 1851 757 1934 XXIV.
779 1883 835 1938 44.
868 1862 1012 1950 Clerillus
1040 1860 1110 1957 poll
1136 1854 1403 1930 resurrediionem
1443 1858 1607 1931 mediante
1632 1858 1805 1929 benedidlo
1827 1884 1910 1955 pane
1937 1860 2116 1943 dillribuo,
2142 1866 2187 1942 ell
2208 1865 2354 1963 ooepna‘

514 1950 618 2028 'suam
634 1955 675 2027 ad
691 1952 864 2054 discipulos
886 1960 993 2030 dicit:
1017 1958 1329 2054 Haecloeutursnm
1346 1971 1403 2040 aa·
1445 1979 1579 2033 meum,
1606 1981 1677 2053 qua:
1696 1954 1850 2051 loquendi
1871 1962 1955 2028 ratio
1978 1962 2012 2028 in
2034 1964 2204 2035 communi
2231 1969 2335 2038 etiam

524 2056 595 2132 ets,
620 2078 692 2125 cam
713 2056 816 2127 attus
832 2042 988 2153 uobiscum'
1002 2054 1114 2158 effem,
1136 2054 1406 2153 ossendens‚plu·
1445 2058 1518 2126 vitae
1533 2050 1762 2125 consuetudine
1777 2050 1985 2133 observatur,
2013 2060 2148 2157 quando
2176 2059 2250 2132 duae
2279 2085 2335 2138 rea

325 2217 328 2226 .
445 2147 447 2152 ’
522 2174 577 2226 rea
591 2148 762 2250 prasentia
783 2155 900 2228 modos
915 2159 1013 2229 etiam
1032 2153 1207 2229 secundum
1227 2157 1405 2227 humanam
1445 2151 1551 2226 modo
1569 2151 1717 2249 quodam
1734 2153 1829 2223 unitae
1851 2152 1943 2224 amul
1970 2154 2215 2232 denotantur&
2238 2162 2337 2232 exhi.

318 2273 322 2281 ·
367 2265 369 2270 '
523 2257 675 2325 naturam
693 2248 753 2323 fibi
773 2272 970 2353 competere.
1017 2253 1191 2352 Distinguit
1212 2258 1301 2327 enim
1313 2252 1404 2324 illam
1444 2253 1578 2327 beatur,
1604 2274 1640 2321 ut
1656 2248 1867 2350 principalior
1886 2261 1921 2325 dr
1937 2248 2039 2325 sensui
2055 2261 2161 2329 minoe
2178 2258 2277 2328 obuia
2295 2264 2336 2332 in

522 2349 685 2423 carnalem
703 2354 738 2424 dt
752 2351 906 2427 visibilem
922 2353 1140 2453 praelintiam,
1165 2377 1228 2449 qua
1245 2370 1318 2424 ante
1331 2346 1403 2450 pas·
1438 2353 1846 2448 praedieatoexprimatur.
1901 2354 1963 2440 a.)
1987 2353 2148 2427 Pontificii
2168 2351 2337 2430 transsob«

521 2446 650 2524 nonem
676 2475 750 2523 cum
775 2454 819 2524 eis
836 2448 944 2527 suerat
966 2447 1169 2528 familiariter
1191 2447 1359 2531 uersatus,
1385 2474 1404 2519 a
1445 2450 1643 2521 stantiatores
1666 2447 1808 2520 averbis
1824 2446 1943 2519 Chrisli
1961 2448 2053 2546 plane
2064 2449 2254 2532 discedunt,
2271 2481 2334 2529 ne·

523 2572 611 2623 nova
624 2547 676 2622 illa
693 2549 766 2648 poll
779 2546 1045 2626 resurrectionem
1061 2550 1243 2651 presentia,
1270 2574 1341 2645 quae
1355 2566 1405 2619 ta·
1445 2573 1509 2647 que
1531 2552 1619 2618 enim
1648 2548 1827 2618 constanter
1854 2545 2030 2622 adfirmare
2058 2548 2211 2647 possunt,
2225 2552 2334 2650 ‘qnid

520 2673 601 2723 men
618 2648 724 2721 adhuc
744 2650 923 2749 plurimum
942 2647 1055 2722 differt
1070 2648 1112 2720 ab
1129 2674 1187 2726 ea,
1212 2675 1274 2747 qua
1291 2650 1326 2717 in
1349 2671 1405 2718 ex·
1444 2671 1504 2743 per
1517 2638 1859 2743 ederintelligendum
1871 2650 1998 2726 ueniat,
2025 2648 2113 2721 unde
2148 2646 2332 2726 addamvo.

522 2763 631 2823 tremo
650 2746 703 2819 die
718 2751 751 2819 in
767 2746 889 2823 sarnum
906 2746 1076 2842 majellatis
1097 2744 1251 2844 &gloriae
1262 2745 1402 2817 demon·
1442 2768 1518 2815 cant
1534 2747 1736 2815 indiuiduam
1753 2768 1888 2844 uagum.
1941 2745 2003 2837 3.)
2028 2747 2100 2822 Nee
2156 2750 2333 2824 ‘eieceri-

520 2846 679 2920 ssratione
704 2843 864 2923 adveniet.
911 2850 961 2920 Ex
983 2848 1168 2946 quantiam
1192 2841 1400 2939 intelligitur,
1441 2844 1519 2926 stus:
1545 2845 1636 2939 panis
1661 2861 1798 2913 mutatus
1821 2841 1865 2913 eli
1878 2844 1911 2912 in
1924 2867 2043 2943 corpur
2057 2871 2196 2926 mum,
2220 2845 2332 2926 velex

379 2991 394 3004 a
521 2963 583 3018 eur
598 2941 757 3017 Lutht‘rus
772 2948 806 3016 in
819 2941 953 3020 eonsell.
974 2950 1099 3041 majore
1110 2939 1401 3016 interfirndamen·
1439 2967 1524 3040 pane
1557 2936 1684 3011 fartum
1720 2943 1763 3012 eil
1797 2965 1913 3035 eorpus
1936 2966 2068 3026 meum,
2093 2943 2182 3044 quod
2210 2943 2333 3045 aliquo

410 3042 416 3062 ⁸
519 3057 555 3116 ta
573 3039 690 3114 nollrae
717 3038 878 3115 sententiae
903 3042 1022 3116 referat
1049 3047 1147 3117 eriam
1177 3039 1276 3120 illud,
1310 3038 1401 3139 quod
1440 3039 1544 3111 modo
1572 3035 1614 3109 ad
1638 3034 2027 3112 transsubstantiationem
2062 3044 2200 3140 torqueri
2244 3041 2330 3137 pos-

366 3114 377 3179 s
517 3141 611 3217 Deus
635 3156 750 3237 praeter
771 3145 897 3216 localem
920 3151 956 3219 δι
977 3143 1277 3239 circumscriptionem
1297 3138 1403 3235 plures
1441 3138 1502 3219 set,
1537 3135 1589 3209 sed
1614 3139 1648 3208 in
1669 3135 1891 3209 distributione
1916 3138 2076 3214 benedieti
2108 3143 2192 3238 paula
2219 3138 2321 3213 dicit:
2366 3219 2371 3227 ,

335 5084 341 5092 ’
508 5140 588 5220 epm
605 5102 868 5218 gloriosoreguu
887 5121 1180 5214 commutationem
1210 5110 1385 5217 fignificat.
1422 5128 1575 5216 aurarum
1595 5113 1629 5187 in
1656 5110 1786 5189 Christo
1810 5107 1877 5187 hoe
1905 5133 2103 5196 commune,
2148 5134 2186 5187 ut
2203 5203 2206 5208 .
2222 5120 2310 5214 panis

517 3239 643 3316 modos
653 3237 789 3322 habeat,
815 3244 929 3342 quibua
937 3238 1071 3342 praesens
1089 3238 1204 3312 alieubi
1220 3232 1282 3310 elle
1293 3235 1396 3334 pellit.
1437 3239 1510 3310 Hae
1549 3234 1735 3331 esteorpas
1759 3260 1875 3308 meum·
1933 3238 2002 3327 4.)
2026 3241 2202 3343 -Qrameia
2237 3264 2323 3313 aero

522 3341 610 3432 ao.)
635 3339 708 3412 Nee
730 3338 797 3422 eli,
826 3341 914 3441 quod
934 3358 1085 3440 urgeant,
1100 3332 1337 3409 adscensionem
1353 3333 1394 3407 ad
1435 3332 1693 3433 propositionem
1718 3332 1830 3408 illam:
1876 3336 2052 3435 Panis-est
2077 3361 2193 3432 coepas
2217 3339 2329 3417 Cleri.

425 3476 427 3480 ·
519 3433 623 3511 eteloa
644 3433 771 3508 deliniri
786 3464 844 3537 per
859 3438 1032 3514 tranfinem
1045 3436 1165 3509 Christi
1182 3436 1395 3508 exhocenun·
1423 3433 1491 3531 sti,
1523 3430 1757 3504 adodloribua
1794 3430 2009 3507 ecclesiasticis
2027 3432 2222 3536 usurpatam
2253 3463 2329 3512 non

517 3534 587 3625 ὼς
609 3534 797 3631 loh.Xlll.
822 3564 849 3609 1.
874 3538 1004 3613 additur
1020 3540 1131 3615 enim,
1146 3539 1230 3631 quod
1248 3534 1393 3629 traefient
1437 3530 1623 3629 fimplieiter
1652 3531 1906 3628 improbemus,
1952 3557 1990 3603 ea
2024 3552 2130 3607 tamen
2162 3561 2183 3609 a
2214 3535 2330 3611 verbis

519 3640 567 3709 ad
584 3637 744 3715 Patrem,
768 3636 1047 3734 quemcertoloci
1066 3632 1230 3725 eujusdam
1247 3630 1397 3705 interval·
1437 3628 1556 3701 Chrisli
1592 3625 1813 3727 distinguenda
1849 3629 1894 3700 ell
1921 3680 1935 3709 ,
1973 3634 2007 3702 in
2034 3634 2147 3733 quibus
2176 3634 2225 3711 ro*
2260 3629 2330 3715 dee.

519 3731 557 3805 lo
582 3733 731 3808 eon'cludi
746 3758 845 3805 nemo
861 3736 994 3821 dixerit3
1018 3731 1165 3804 transitus
1181 3755 1260 3830 ergo
1275 3728 1396 3802 Chrilli
1437 3722 1555 3803 xtende
1588 3725 1643 3797 seor
1686 3753 1754 3801 non
1792 3724 1897 3799 solum
1935 3751 2074 3826 panem,
2124 3729 2178 3806 sed
2211 3752 2327 3809 totum

516 3834 640 3908 exhor
663 3830 786 3905 mundo
806 3859 874 3905 non
900 3851 967 3903 tam
996 3830 1061 3903 loci
1095 3835 1398 3927 permutationem,
1437 3826 1640 3924 complexum
1664 3845 1777 3904 notat,
1806 3849 1842 3895 ut
1871 3829 1956 3899 redie
1988 3851 2186 3903 monuerunt
2219 3833 2327 3906 nollri

514 3958 617 4036 quam
633 3928 800 4049 majestatie
815 3932 931 4051 divinae
944 3928 1119 4047 plenariam
1140 3925 1395 4044 usurpationem,
1434 3922 1615 4095 inbeaeapplolq.
1644 3924 1835 4042 Maullirun,
1898 3931 1948 4013 ς.)
1989 3929 2348 4099 (ᾈαηάῧαροίὶοίηι,

513 4028 1396 4226 llllllltlllltlglltt?¹¹‘tliti⁰tl?,
1425 4023 1772 4195 llala‘iirl‘ssiil
1786 4031 2325 4220 ttltltsltll‘lliilit

515 4227 564 4304 ell
581 4220 718 4329 egressus
733 4226 803 4299 filii
817 4254 835 4298 a
850 4230 942 4299 Patre
955 4229 988 4295 in
1004 4227 1091 4297 hunc
1111 4226 1296 4302 mundum,
1322 4221 1392 4296 talia
1432 4223 1686 4293 manicationem
1702 4225 1849 4317 eorporis
1866 4222 1995 4296 Christi.
2045 4228 2107 4315 6.)
2131 4228 2217 4301 Hze
2239 4251 2323 4328 ergo

511 4328 562 4407 ,tt
576 4332 674 4400 etiam
687 4324 835 4418 ejusdem
850 4331 950 4399 exitus
967 4318 1025 4408 seu
1043 4326 1146 4395 abitur
1163 4323 1203 4395 eni
1222 4319 1343 4394 mundo
1357 4329 1391 4397 ᾱ
1430 4345 1494 4419 pro
1517 4317 1635 4390 osuio:
1661 4321 1767 4390 Panis
1784 4316 1825 4411 est
1836 4344 1950 4415 corpur
1962 4321 2079 4419 Christi
2088 4350 2103 4406 ;
2127 4327 2322 4425 accipienda

512 4425 638 4508 redinu
653 4423 693 4495 ad
706 4423 852 4506 Patrem,
877 4443 1012 4523 propter
1025 4441 1170 4494 mutuam
1188 4423 1390 4519 relationem,
1432 4420 1477 4491 est
1494 4345 1774 4489 lacmmentalner.
1823 4419 1969 4504 Panisell
1986 4446 2104 4516 corpur
2119 4423 2321 4499 Clarillinou

511 4533 559 4604 At
576 4517 716 4623 egress‘ut
727 4524 830 4597 Filiia
847 4526 939 4596 Patre
952 4528 987 4596 in
999 4525 1084 4596 hunc
1101 4519 1336 4596 mundumnon
1352 4516 1391 4592 st-
1430 4545 1447 4590 e
1471 4520 1707 4606 entialiterpnec
1719 4516 1872 4615 figurate
1888 4517 1939 4589 vel
1968 4522 2166 4622 tgnijt'eatiue
2182 4540 2320 4614 tantum,

510 4620 650 4727 gnificat
665 4620 731 4692 loci
754 4627 993 4702 mutationem,
1019 4618 1074 4694 sed
1089 4621 1338 4693 exinanitionem
1354 4643 1391 4689 ac
1444 4616 1776 4712 edfiarrnmentaliter
1790 4664 1805 4695 ,
1829 4615 1927 4687 hoce
1968 4668 1981 4697 ,
2009 4642 2144 4715 propter
2157 4625 2319 4696 unionem

511 4715 682 4816 majestatie
697 4719 811 4793 divine
825 4747 903 4794 eum
923 4722 1043 4797 summa
1063 4717 1291 4794 humiliatione
1316 4741 1388 4817 per-
1429 4713 1708 4792 sacramentalem,
1732 4739 1803 4811 que
1821 4715 2007 4822 :quomodo
2037 4744 2232 4817 comparata
2256 4720 2318 4804 set,

510 4823 747 4898 mutationem,
773 4822 847 4917 quia
862 4819 989 4919 semper
1005 4821 1091 4919 apnd
1114 4820 1242 4893 Patrem
1258 4815 1386 4904 mansm
1427 4839 1467 4889 ex
1487 4813 1591 4887 verbis
1605 4812 1813 4886 institutionis
1827 4807 2029 4890 discendum.
2080 4818 2316 4913 Habetautena

511 4941 593 5038 erpo
609 4919 703 4991 etiam
715 4916 818 4988 abitus
834 4943 871 4989 ea
883 4920 1009 4992 mundo
1025 4920 1067 4994 ad
1077 4920 1206 4991 l'atrem
1227 4942 1294 4986 non
1310 4942 1383 5012 pro·
1427 4916 1506 4986 unio
1518 4907 1751 4984 sacramentalia
1768 4914 1858 5012 pania
1879 4920 1913 4984 δι
1926 4916 2093 5011 eorporis,
2119 4918 2310 4994 vini&san-

508 5042 583 5123 pne
606 5013 670 5087 loei
691 5021 926 5110 mutationem,
951 5013 1006 5090 sed
1037 5017 1234 5089 conditionis
1267 5009 1387 5085 servilis
1427 5015 1532 5110 guinis
1545 5008 1664 5083 Christi
1685 5037 1759 5082 cuzn
1775 5012 1895 5083 unione
1912 5011 2068 5108 personali
2086 5013 2230 5089 duarum
2253 5043 2311 5089 na·

2190 5215 2310 5313 sarre-
