5375 6209
531 556 606 633 240
665 489 667 496 ’
1169 533 1306 611 Loca
1334 536 1435 611 xxi.
1462 536 1571 618 car.
1597 538 1731 640 vin„

531 710 683 811 baptismi
703 706 800 787 suilla
820 713 918 788 docet
933 712 1097 811 apostolus
1122 716 1225 787 rCor.
1235 722 1276 788 X.
1297 742 1325 786 2.
1343 723 1409 811 jam
1458 707 1724 820 restringendum.
1760 724 1842 794 Hac
1858 718 1949 800 sunt,
1974 747 2046 821 quae
2064 737 2342 823 argumentonoa'

533 838 614 883 vero
627 819 659 883 in
669 812 724 884 illo
739 822 893 886 comitatu
909 812 1038 885 fuerunt
1057 813 1243 911 complures
1260 810 1409 888 infantes
1461 824 1526 893 siro
1548 840 1742 917 opponunt,
1766 827 1797 892 in
1816 820 1931 915 quibus
1945 818 2157 896 dissolvendis
2172 823 2337 898 utiliorem

533 913 642 984 Exod.
657 912 739 994 XII.
760 938 817 999 37.
865 918 954 1013 Ergo
970 934 1003 983 ut
1016 932 1095 1009 typo
1117 909 1307 1008 respondeat
1327 918 1409 987 anti·
1461 944 1598 1018 operam
1612 914 1754 991 navallet
1770 921 1996 1001 Bellarminus,
2021 947 2119 1021 quam
2136 924 2217 995 dum
2235 947 2336 997 novas

535 1030 675 1105 typum,
700 1010 839 1087 infantes
863 1019 962 1083 etiam
983 1033 1076 1084 erunt
1096 1013 1288 1109 baptizandi.
1308 1019 1411 1085 Cum·
1460 1021 1660 1116 exceptiones
1686 1019 1791 1115 lingit.
1864 1022 2100 1116 Respondemus
2130 1046 2238 1094 autem
2273 1026 2339 1115 a.)

534 1115 650 1207 primis
676 1138 754 1182 veto
780 1117 844 1184 huc
868 1108 1075 1187 reserandum
1099 1114 1285 1183 vaticinium
1313 1112 1410 1183 Esaiae
1461 1120 1608 1217 quatrivis
1624 1118 1762 1189 totidem
1779 1122 1883 1192 vorbis
1911 1146 1948 1189 ac
1970 1118 2094 1214 syllabis
2115 1128 2147 1193 in
2173 1119 2338 1218 scripturis

533 1233 605 1305 cap.
623 1209 756 1291 XLIX.
775 1238 830 1285 aa,
870 1213 991 1283 Gentes
1018 1212 1168 1307 adferent
1181 1211 1353 1308 filiossuos
1375 1216 1409 1282 in
1460 1241 1529 1288 non
1556 1221 1762 1288 contineatur
1788 1220 1855 1290 haec
1878 1217 2088 1317 propotitio,
2113 1218 2253 1291 infantes
2276 1216 2337 1298 effe

534 1314 638 1390 nlnn,
665 1311 818 1407 &filios
828 1311 1024 1407 sunssuper
1048 1313 1195 1383 nurneros
1217 1316 1411 1406 portabunt.
1463 1314 1697 1413 baptizandos,
1735 1342 1809 1389 earn
1842 1337 1952 1390 tamen
1986 1319 2148 1391 evidenter
2171 1328 2206 1394 dr
2227 1345 2339 1415 aperta

532 1408 871 1502 Bellarminusxdicit,
894 1412 950 1482 laur
968 1423 1197 1511 argumentum
1219 1412 1411 1484 abAnobo·
1462 1440 1501 1486 ex
1524 1411 1682 1511 scripturis
1703 1414 1811 1513 colligi
1854 1413 1928 1488 olle.
1979 1415 2047 1508 b.)
2075 1418 2337 1494 circumcifionia

523 1509 635 1605 pissis
651 1513 746 1604 facile
764 1513 845 1582 eludi
857 1510 967 1609 prrffc,
1003 1537 1075 1583 cum
1098 1536 1119 1582 a
1143 1515 1231 1584 nobis
1252 1515 1410 1608 proponi·
1460 1506 1630 1588 essentialia
1644 1540 1714 1587 non
1732 1442 1873 1587 habuille
1902 1514 2013 1588 locum
2032 1521 2066 1590 in
2084 1514 2261 1598 fornellis,
2284 1522 2339 1592 bs·

529 1618 612 1689 tnr,
639 1637 711 1682 cum
735 1611 929 1705 baptismum
961 1608 1019 1710 effe
1048 1614 1182 1684 velimus
1214 1615 1410 1694 concionem,
1461 1608 1568 1711 ptisrni
1587 1626 1697 1684 autem
1718 1609 1927 1687 substantialia
1957 1617 1992 1685 in
2018 1619 2170 1690 omnibus
2196 1619 2338 1691 homini·

533 1717 622 1806 quod
652 1718 691 1781 de
718 1715 947 1808 circumsistunt
974 1716 1035 1782 dici
1065 1737 1129 1782 non
1153 1713 1254 1806 poffit.
1311 1708 1411 1808 Resp.
1462 1712 1520 1784 bus
1537 1711 1643 1782 locum
1669 1711 1797 1784 habere.
1845 1713 1909 1804 c.)
1933 1713 2257 1809 Adniinillrationem
2280 1724 2340 1790 cir·

534 1833 593 1902 per
622 1816 817 1883 concionem
842 1812 907 1885 sive
939 1815 1072 1883 verium
1101 1812 1307 1885 contionale,
1342 1814 1364 1905 s
1377 1827 1411 1882 ut
1452 1808 1662 1885 cutncilionis
1678 1812 1718 1883 ad
1745 1813 1897 1884 odlavurn
1931 1813 2023 1887 diem
2050 1816 2201 1911 peculiari
2227 1816 2341 1890 divino

505 1910 743 1982 vBellarminus
766 1913 910 2008 loquitur
928 1911 980 1983 lib.
997 1916 1021 1981 1.
1046 1910 1088 1981 de
1114 1904 1248 1981 sacram.
1272 1936 1299 1981 c.
1324 1912 1408 1997 19.)
1462 1908 1617 1983 mandato
1641 1909 1824 1983 admittam
1859 1909 1987 1993 fuisse,
2023 1919 2183 1987 nimirum
2207 1936 2341 2014 propter

407 2073 409 2078 .
533 2029 602 2080 non
630 2013 733 2108 potest
748 2016 803 2109 agi
821 2035 897 2083 cum
919 2005 1115 2087 infantibus,
1140 2035 1197 2107 per
1218 2007 1410 2107 baptifinum
1460 2001 1641 2111 periculum
1663 2017 1734 2082 virae
1751 2010 1872 2083 tenellis
1887 2010 2065 2087 infantibus
2081 2040 2120 2087 ex
2139 2012 2257 2108 dolote
2279 2020 2343 2087 cir·

534 2110 682 2181 cumillis
698 2119 750 2208 agi
772 2108 857 2205 posse
875 2110 1041 2189 dicimus,
1067 2108 1240 2206 quomodo
1257 2111 1410 2206 igiturex
1462 2107 1668 2183 cumcistoois
1710 2111 1945 2214 metuendpm:
1987 2109 2042 2186 sed
2072 2113 2134 2185 tale
2161 2113 2343 2212 periculum

533 2209 643 2298 nollra
667 2206 818 2282 sententia
841 2204 1015 2307 baptismus
1035 2207 1113 2280 nihil
1128 2205 1214 2279 aliud
1235 2208 1408 2306 eli,quam
1462 2207 1628 2309 quoddam
1646 2214 1679 2281 in
1698 2206 1844 2305 baptifini
1866 2204 2016 2284 usunon
2044 2236 2239 2300 occurreres
2262 2215 2342 2287 ideo

465 2383 473 2394 ,
534 2311 672 2381 concio?
698 2314 867 2382 imovero
892 2307 935 2382 eti
956 2305 1090 2378 salutare
1112 2302 1343 2379 sacramentum
1373 2304 1411 2377 ad
1463 2311 1602 2387 metito,
1632 2330 1729 2408 quam
1762 2307 1864 2403 potell
1892 2308 1961 2380 steti
1983 2311 2206 2408 primum,ail
2238 2315 2342 2410 bapti·

533 2412 816 2502 regenerationem
841 2420 875 2486 ὅ(
902 2406 1034 2479 salutern
1057 2432 1123 2479 non
1152 2406 1253 2478 solum
1277 2403 1412 2482 adultis,
1443 2402 1567 2479 'smum
1583 2406 1780 2478 adseruntur.
1802 2410 1932 2479 interim
1949 2409 2082 2481 collatio
2100 2416 2183 2484 inter
2197 2414 2341 2482 circum·

534 2497 588 2577 sed
605 2503 780 2583 infantibus
803 2516 897 2581 etiam
924 2504 1048 2578 efficax.
1098 2508 1170 2578 Nos
1188 2506 1323 2578 eandem
1342 2502 1411 2574 effi·
1464 2504 1623 2577 cifionem
1649 2514 1682 2577 dt
1707 2503 1898 2602 baptismam
1923 2506 2039 2606 pcrllat
2064 2513 2216 2585 immota,
2242 2510 2337 2608 quod

533 2610 657 2677 casiam
680 2609 911 2681 circumcisioni
937 2601 1156 2703 &baptismo
1184 2607 1224 2677 ad
1245 2627 1414 2702 regenera-
1445 2673 1452 2680 ,
1487 2605 1740 2676 uemadmodum
1762 2599 1899 2676 infantes
1920 2625 1980 2679 vet.
2006 2610 2074 2677 test.
2093 2631 2147 2706 per
2164 2608 2335 2678 circumci-

534 2707 660 2779 tionem
680 2711 871 2796 tribuimus3
898 2706 1059 2805 pontificii
1071 2730 1180 2775 aurem
1194 2729 1328 2774 omnem
1343 2699 1413 2772 effi·
1461 2632 1589 2774 saonem
1608 2709 1641 2773 in
1657 2699 1759 2775 foedus
1775 2705 1836 2775 Dei
1858 2701 1990 2775 fuerunt
2015 2707 2153 2804 recepti3
2174 2707 2217 2774 ita
2244 2730 2333 2804 quo·

480 2835 482 2848 ·
535 2810 660 2877 cariam
680 2808 874 2903 spiritualem
899 2802 1138 2879 circumcisioni
1159 2802 1329 2901 denegant.
1355 2804 1413 2869 Er·
1463 2828 1528 2898 que
1553 2797 1789 2876 infantes‘nov.
1806 2804 1872 2875 rell.
1892 2829 1949 2900 pet
1973 2802 2165 2901 baptismum
2181 2798 2343 2877 infredus

535 2928 581 3072 go
606 2907 670 2977 hoc
697 2931 926 3003 argumentum
950 2930 967 2973 a
988 2900 1230 2974 circutttcifione
1253 2902 1412 2999 petitum.
1464 2904 1528 2972 Dei
1547 2898 1606 2971 sant
1632 2901 1825 2996 recipiendi,
1851 2922 1885 2971 ut
1908 2906 2156 3002 regenerationis
2179 2902 2344 2975 advitam

554 3004 665 3076 acilius
678 3006 760 3077 eludi
776 3006 878 3102 potell
893 3004 935 3075 ab
949 3003 1185 3097 Anabaptistisa
1211 3020 1415 3092 cumapon·
1463 3013 1616 3071 aeternar'n
1636 3000 1713 3070 fiant
1735 3006 1917 3098 participes.
1967 3002 2042 3097 Una
2068 3004 2250 3099 eademque
2272 3027 2344 3075 cau·
2384 3019 2389 3026 ‘

536 3101 664 3182 tificiis,
684 3132 781 3203 quant
798 3131 871 3174 cum
889 3130 906 3173 a
925 3104 1017 3182 nobis
1035 3100 1109 3198 ipfis
1127 3106 1330 3196 proponitur.
1353 3096 1415 3167 Sed
1455 3099 1493 3169 ''sa
1507 3096 1650 3170 efficiens
1667 3102 1847 3195 principalis
1866 3100 2119 3173 circumcifionis
2133 3112 2169 3174 δι
2187 3101 2339 3198 baptismi,

536 3227 604 3272 non
621 3229 702 3301 opus
718 3207 762 3276 ell
781 3203 885 3276 dubiis
900 3203 1114 3293 conjecturis,
1140 3223 1201 3295 qua
1219 3198 1416 3293 exceptionis
1464 3222 1526 3269 una
1555 3196 1733 3294 eademque
1751 3205 1915 3295 utriusque
1943 3199 2127 3272 sacramenti
2155 3198 2337 3278 neceslitas,

538 3307 588 3374 via
609 3300 691 3376 elabi
712 3325 870 3375 conentur
896 3301 1135 3396 Anabaptistac,
1154 3324 1228 3368 cum
1251 3317 1291 3367 ex
1310 3294 1417 3393 publi·
1463 3294 1577 3372 eadem
1602 3300 1649 3367 vis
1671 3304 1704 3367 ἀ
1725 3295 1877 3370 efficacia.
1926 3301 2015 3395 Ergo
2033 3323 2101 3370 uta
2123 3299 2344 3372 circumcisio·

534 3389 538 3396 ⁵
810 3409 854 3475 cis
872 3397 1015 3500 ipsorum
1041 3397 1166 3496 scriptis
1189 3393 1310 3469 conflet
1331 3450 1340 3481 ,
1367 3395 1419 3465 his
1463 3422 1504 3468 ne
1521 3421 1588 3465 non
1607 3389 1738 3465 suerunt
1754 3392 1892 3469 infantes
1911 3397 2048 3487 exclusa,
2072 3402 2116 3468 ita
2133 3397 2344 3497 necabapti·

556 3526 739 3605 [mmm
808 3498 1014 3597 subterfugiis
1028 3496 1111 3596 ipsos
1129 3500 1194 3577 uti,
1225 3496 1279 3581 a.)
1297 3499 1335 3565 de
1357 3496 1417 3565 cir·
1461 3490 1534 3566 sitio
1552 3491 1742 3565 excludendi
1756 3492 1846 3581 lunt3
1860 3496 1933 3566 alias
1965 3502 2042 3567 ratic
2058 3500 2162 3569 Deiin
2177 3523 2260 3573 nov.
2278 3500 2346 3576 test.

476 3615 489 3636 ⁴
553 3608 744 3684 Anniapnsta-
812 3601 994 3696 cunicistone
1021 3597 1185 3691 insontum
1211 3593 1334 3688 testare
1363 3616 1419 3663 ex·
1463 3591 1639 3665 restrisiior
1655 3597 1690 3665 dt
1716 3595 1880 3691 angustior
1901 3521 2006 3677 ellit,
2033 3622 2132 3696 quam
2157 3593 2219 3667 fuit
2239 3600 2275 3670 in
2292 3624 2348 3672 rc·

598 3705 672 3747 Μ’·
804 3698 947 3796 preffum
973 3700 1194 3771 mandatnm,
1219 3718 1284 3763 non
1309 3705 1418 3763 nutem
1462 3694 1522 3764 teri
1546 3689 1630 3788 ζ’).

808 3796 1015 3893 debaptifhso
1034 3798 1227 3873 eorundum
1262 3791 1322 3882 2.)
1348 3816 1417 3862 ma·
1511 3786 1539 3891 ᾗ
1572 3788 1717 3868 CXCII.
1730 3791 1803 3863 Nec
1816 3792 1993 3866 destituitur
2004 3821 2067 3894 pae-

535 3896 644 3993 senior
652 3896 857 3994 solummodo
877 3894 1069 3990 circumsistit
1084 3889 1208 3990 scriffe,
1232 3890 1418 3987 consequens
1465 3887 1691 3990 dobaprismus
1705 3890 1897 3966 testimoniis
1913 3915 2066 3967 veterum.
2120 3915 2288 3994 reprimi,
2303 3938 2349 3979 ω.

541 3999 746 4095 igitnrforc,
771 3998 939 4069 etiamios
952 3994 1060 4089 fhlsm
1082 3996 1318 4087 baptizandam
1360 3988 1420 4079 3.)
1465 3987 1643 4083 Dionysius
1677 3990 1730 4061 lib.
1766 3991 1880 4064 eccles.
1910 3994 2068 4066 hierarch.
2119 4017 2211 4060 terum
2228 4016 2348 4080 prope-

542 4099 815 4195 Circnmriſsonem
831 4097 943 4169 onaan
963 4098 1080 4164 aetatis
1102 4090 1420 4186 diesuscrpram,.er·
1467 4114 1537 4186 cap.
1547 4087 1602 4160 ult.
1618 4089 2006 4186 Aiapostoiistraditum,
2015 4092 2073 4163 ad·
2139 4075 2319 4160 mitis*

503 4189 505 4194 ¹
539 4219 584 4302 go
606 4195 654 4272 εἴ
673 4198 869 4301 baptismum
889 4200 933 4270 ad
950 4194 1039 4264 illuni
1072 4195 1224 4290 temporis
1246 4190 1419 4264 articulum
1467 4184 1604 4270 [etit-,nr
1618 4190 2071 4287 infantesbaptizcntur(**)‚

1974 4292 2071 4390 Justi-

585 4488 660 4568 (ii)
680 4490 721 4550 Ex
738 4489 815 4569 typis
830 4505 889 4550 vet.
907 4486 969 4551 tasi.
989 4488 1026 4550 In
1049 4507 1113 4551 atra
1125 4490 1196 4548 Noae
1218 4505 1281 4547 non
1303 4499 1419 4545 tantum
1570 4496 1602 4542 to
1616 4482 1663 4543 vel
1679 4482 1786 4562 quinto
1808 4480 1896 4556 huius
1913 4482 2110 4547 Droursrr
2134 4478 2292 4559 personam
2315 4497 2347 4544 aa

643 4567 768 4630 suerunt
785 4570 890 4633 servati
906 4570 1018 4644 adulti.
1038 4569 1086 4630 sed
1102 4570 1190 4629 etiam
1206 4563 1342 4628 infantes.
1363 4565 1421 4623 Per
1570 4581 1681 4623 nomen
1700 4560 1752 4624 sabi
1774 4556 1922 4631 adscivit,
1945 4566 2089 4631 conficta,
2110 4564 2165 4640 J0.
2188 4561 2348 4624 Dauara·

647 4670 730 4710 mare
744 4651 869 4714 rubrum
895 4649 1071 4713 transierunt
1088 4670 1150 4710 non
1173 4642 1419 4710 cantumerula,
1572 4657 1634 4709 vs,
1654 4644 1734 4719 JAc·
1757 4645 2053 4721 USSER105,J0.
2077 4647 2350 4718 Pnnksoterus

518 4741 524 4748 ’
647 4729 800 4792 sedetiam
816 4728 955 4793 infantes.
996 4733 1271 4794 (instantius,
1572 4720 1682 4802 aliique
1702 4724 1865 4787 luculenter
1888 4724 2146 4791 demonstrarunt,
2166 4721 2353 4783 consantien-

1440 4832 1443 4838 ·
1573 4799 1653 4863 tibus
1675 4801 1764 4864 hodie
1792 4805 1932 4865 omnibus
1958 4804 2019 4866 sete
2037 4804 2172 4868 eruditis.
2215 4800 2351 4864 Proinde

588 4894 680 4977 (se)
700 4894 825 4954 Librum
839 4893 919 4958 hune
931 4897 963 4957 de
976 4895 1129 4957 hierarchia
1142 4887 1319 4971 ecclefiasticn
1332 4906 1424 4968 quem
1574 4897 1610 4941 οι
1630 4881 1817 4973 testimonio,
1844 4883 1926 4962 quod
1950 4885 2003 4945 iste
2030 4882 2140 4963 pseudo
2159 4918 2174 4931 ·
2191 4879 2354 4960 Dionysius

649 4976 734 5053 supra
759 4974 907 5070 adlegavit
933 4977 1211 5038 Gannannus,
1231 4970 1276 5030 uti
1298 4970 1331 5032 &
1356 4967 1423 5028 reli·
1575 4961 2009 5052 nobiaexliibar,comptobari
2025 4964 2101 5023 haud
2119 4963 2235 5041 potest,
2256 4959 2354 5023 uffan-

649 5074 735 5135 qua,
756 5041 819 5133 quit
837 5052 891 5116 sub
915 5059 1112 5120 Drourstt
1138 5052 1427 5112 Ansornolrae
1509 5085 1512 5090 -
1576 5054 1618 5099 tes
1636 5060 1669 5101 an
1688 5041 1800 5103 ecclesia
1818 5041 1973 5118 apostolica
1988 5042 2071 5104 fuisse
2086 5044 2260 5123 baptizatos.

649 5133 773 5197 nomine
783 5131 1043 5204 circumferuntur,
1053 5135 1159 5213 scripta
1167 5132 1263 5209 spuria
1275 5128 1329 5190 elsa
1339 5145 1428 5207 atqua
1736 5201 1742 5215 ι
1944 5203 1950 5215 ι
2065 5203 2071 5217 ·
2150 5202 2158 5217 .

652 5215 689 5281 ab
703 5211 828 5284 homine
842 5217 972 5296 quodam
988 5215 1135 5288 fanatico,
1155 5213 1210 5299 qui
1227 5211 1323 5279 seculo
1341 5224 1427 5290 quar·
1613 5201 1698 5267 Idem
1712 5199 1872 5265 dicendum
1887 5200 1926 5263 da
1940 5203 1993 5266 ailo
2008 5202 2199 5272 testimonio,
2219 5199 2306 5285 qood
2319 5220 2356 5297 ax

2260 5282 2356 5363 ansts.
