5375 6209
779 528 848 598 DE
872 519 1249 596 REPOSITlONE
1275 515 1723 594 anRAMaNTALr.
2082 515 2153 617 333

356 703 650 810 Quemadmodum
670 729 749 777 vero
763 729 802 774 ex
816 728 878 789 eo,
902 699 991 801 quod
1012 694 1184 793 baptismus
1202 700 1236 767 in
1276 696 1429 776 ¹noslrum
1444 701 1621 796 proprie&
1645 697 1792 771 adcurate
1816 701 2007 800 loquendo.
2030 696 2082 774 sed
2107 729 2156 776 re·

355 815 488 881 actione
522 801 697 889 consissit,
729 826 935 898 nequaquam
963 794 1076 868 inserti
1111 794 1236 891 potell,
1285 801 1392 893 ceptio
1406 798 1600 871 illiusdoni,
1626 803 2157 888 cujuscomtnunieationcmClari·

355 907 448 1006 qnod
461 909 525 974 hoe
541 897 779 973 sacramentum
799 920 969 1019 mutuetur
980 900 1130 966 uirtutem
1148 892 1237 964 suam
1285 892 1348 966 stus
1363 901 1395 965 in
1407 892 1495 966 sacra
1510 920 1597 964 coena
1613 894 1677 962 hoc
1690 897 1790 968 modo
1809 901 1938 971 instituit
1952 902 2156 1000 depromisit,

355 1001 621 1078 abusueorum,
647 1005 702 1096 qui
727 1001 950 1094 baptizantur,
976 999 1017 1063 ita
1048 1019 1180 1088 quoque
1201 1019 1237 1062 ex
1287 991 1399 1071 idest,
1426 996 1570 1089 corporis
1590 986 1720 1066 Christi.
1770 998 1870 1070 Tales
1890 1004 2031 1073 actiones
2054 1003 2086 1071 in
2108 1027 2157 1070 re·

356 1131 421 1190 eo,
447 1101 537 1194 quotl
565 1098 797 1169 sacramentum
828 1089 1026 1164 eucharistiae
1053 1098 1085 1160 in
1110 1092 1247 1161 actione.
1287 1091 1380 1188 liquis
1411 1097 1506 1174 etiam
1543 1087 1745 1163 satcranuntis
1771 1118 1991 1180 concurrunt,
2014 1099 2159 1172 uidelicet

355 1196 526 1275 achrislu
540 1196 719 1293 prescripta
744 1191 913 1267 consrllere
934 1191 1093 1266 dicimus,
1119 1214 1236 1284 nequa-
1285 1194 1466 1284 amputatio
1485 1194 1627 1285 praeputii
1644 1194 1677 1263 in
1689 1193 1960 1275 circumcisione,
1984 1199 2158 1267 manduca·

306 1302 309 1310 '
355 1326 458 1400 quam
475 1298 588 1367 inserti
606 1295 736 1391 potest,
759 1295 907 1362 nostrum
926 1286 1016 1359 usum
1039 1288 1168 1359 efficere
1185 1283 1236 1356 sa·
1287 1292 1333 1355 rio
1353 1293 1384 1360 iu
1401 1314 1490 1384 agno
1507 1285 1640 1384 paschali
1653 1337 1667 1365 ,
1692 1289 1812 1361 ablutio
1825 1296 1858 1361 in
1887 1291 2066 1389 baptismo,
2091 1323 2159 1389 qucc

356 1415 561 1471 crementum
579 1394 783 1463 eucharistie.
833 1392 983 1459 Diximus
999 1381 1161 1482 superius,
1178 1410 1241 1456 nec
1287 1380 1360 1457 sunt
1379 1383 1671 1482 asiionesrespedbu
1688 1385 1822 1460 ministri
1839 1395 1979 1484 agentis,
2005 1399 2162 1487 receptio·

355 1522 461 1571 unam
491 1518 552 1563 nec
584 1491 688 1586 piures
713 1494 855 1562 asliones
882 1488 1007 1556 nostras
1030 1484 1183 1562 efficere,
1205 1500 1240 1550 ut
1290 1511 1347 1555 nes
1362 1502 1472 1555 autem
1489 1482 1630 1579 respectu
1648 1509 1773 1571 eorum,
1782 1491 1836 1581 qui
1853 1486 2055 1561 sacramentis
2070 1515 2159 1560 utun·

308 1623 313 1630 ·
360 1618 479 1690 corpus
511 1590 631 1660 Chrilli
661 1589 698 1659 stt
725 1596 756 1658 in
782 1587 864 1656 sacra
895 1609 986 1654 coena
1008 1579 1164 1680 presens,
1186 1575 1242 1650 sed
1290 1601 1351 1653 tur.
1400 1586 1591 1653 littertimus
1604 1586 1699 1680 igitur
1715 1605 1949 1680 argumentum.
2000 1591 2163 1688 Qemad-

359 1687 549 1763 insolidum
568 1688 645 1757 illud
662 1686 810 1757 efficacit
831 1695 864 1754 ec
884 1683 1037 1753 voluntati
1058 1683 1178 1753 Christi
1198 1678 1241 1750 est
1291 1679 1429 1753 modum
1444 1678 1485 1752 ad
1504 1674 1665 1753 essentiam
1683 1679 1832 1778 baptismi
1845 1691 2033 1780 requiritur,
2060 1706 2092 1756 ut
2107 1688 2164 1757 ad·

357 1815 529 1884 acceptum
550 1783 741 1860 serendum,
769 1786 912 1853 Cluilius
926 1802 1033 1850 autent
1059 1785 1091 1848 in
1117 1776 1240 1849 inslitu·
1264 1779 1356 1868 ,fin
1379 1784 1435 1874 qui
1467 1774 1659 1874 baptismum
1699 1775 1864 1877 litleipiat:
1899 1789 1940 1851 ita
1970 1811 2101 1879 quoque
2122 1785 2164 1856 ad

359 1895 455 1961 tione
485 1886 688 1953 voluntstem
716 1882 802 1952 suam
835 1884 897 1950 lroc
936 1877 1040 1949 modo
1073 1872 1241 1972 patefecit,
1278 1874 1457 1949 'essentiam
1472 1874 1661 1948 eucltaristiae
1677 1882 1866 1973 requiritur,
1893 1899 1927 1952 ut
1945 1882 2165 1978 sit,quiman·

320 1993 326 1998 ·
358 1986 456 2083 quod
485 1984 656 2053 debemus
685 1985 750 2052 hoc
780 1975 915 2054 facere,
938 1979 1029 2070 quod
1056 1972 1120 2072 ipse
1147 1970 1245 2049 serit,
1293 1976 1386 2048 ducet
1404 2000 1440 2044 ac
1458 1975 1564 2059 bibat,
1590 1974 1621 2044 id
1638 1970 1707 2051 est,
1735 2002 1850 2072 panem
1874 1981 2164 2053 &vinumronse-

306 2089 326 2102 ''
357 2084 483 2159 scilicet
498 2080 923 2164 benedicere,dttlribuete,
944 2079 1141 2146 manducate
1156 2071 1249 2143 &bio
1294 2099 1422 2146 eratum
1439 2097 1496 2143 ore
1513 2079 1663 2172 recipiar,
1688 2077 1816 2144 interim
1836 2096 1869 2147 ut
1889 2073 2036 2171 baptismi
2061 2075 2160 2150 susce·

359 2185 449 2254 bere.
499 2185 530 2246 Si
552 2205 610 2245 una
635 2183 749 2247 batum
774 2177 938 2244 aelianum
970 2178 1154 2259 omittitur,
1178 2194 1248 2239 non
1295 2177 1367 2271 prio
1387 2195 1455 2242 non
1470 2171 1607 2266 proinde
1626 2169 1663 2241 sit
1679 2169 1768 2242 causa
1786 2175 1875 2265 hujus
1893 2173 2099 2257 saeratnenti,
2123 2184 2164 2249 ira

362 2279 510 2352 servatur
531 2277 684 2345 militutio
698 2272 838 2350 curisti,
867 2276 920 2342 ubi
932 2296 1006 2341 veto
1022 2296 1089 2340 non
1104 2265 1247 2339 servatur
1294 2294 1425 2367 quoquc
1440 2266 1505 2337 cibi
1524 2292 1560 2339 ac
1579 2292 1677 2361 potus
1693 2269 1890 2358 eucharistici
1914 2298 1971 2369 pet
1995 2276 2168 2346 manduca·

362 2371 756 2452 Cltrisliinslitutio,.ibi
786 2375 966 2441 etiamnon
993 2368 1038 2437 cll
1069 2365 1249 2437 sacramen·
1295 2374 1421 2439 tionem
1454 2391 1491 2435 ac
1530 2366 1717 2437 bibitionem
1747 2373 1887 2465 receptio
1925 2396 1990 2440 non
2025 2373 2060 2442 sit
2090 2381 2170 2466 ejus·

362 2501 449 2549 tunt.
501 2477 765 2564 Qsamuisergo
788 2470 995 2538 bellarminus
1020 2467 1130 2562 polypi
1152 2466 1247 2533 instar
1295 2465 1369 2537 dem
1395 2461 1504 2550 causa,
1544 2461 1596 2535 sed
1625 2466 1796 2564 utrobique
1829 2463 1940 2538 satisstt
1982 2468 2169 2544 institutioni

363 2571 400 2648 se
433 2567 559 2640 fortnas
592 2593 695 2638 vertat
723 2574 756 2636 in
779 2592 916 2653 omnes,
943 2589 1113 2657 nunquam
1140 2586 1248 2631 tannen
1296 2561 1425 2635 Cltristi.
1497 2566 1605 2652 ll'l.)
1637 2563 1748 2634 Verso
1782 2563 2059 2657 fitcramcntulia,
2097 2578 2171 2669 fine

364 2675 438 2744 vius
455 2674 636 2763 argumenti
654 2692 692 2738 ex
709 2664 916 2735 stittilitudine
931 2660 1248 2755 baptismi&eucha-
1296 2667 1408 2757 quibes
1420 2661 1660 2753 firceranrentuat
1699 2688 1763 2732 nats
1783 2663 1847 2756 fit,
1882 2691 1951 2733 aton
1972 2669 2123 2740 dicamur
2149 2695 2171 2740 a

364 2768 464 2842 risliae
482 2762 767 2860 effugerepotetit.
816 2767 859 2831 ln
881 2762 1068 2855 euutarplia
1092 2756 1252 2853 (inquit)
1296 2766 1552 2840 recordaturus,
1595 2785 1691 2856 neque
1732 2767 1775 2830 ud
1808 2769 2084 2853 artandttcnntem,
2110 2769 2171 2862 sed

366 2868 461 2943 nullo
475 2862 517 2955 ιβ
531 2863 637 2942 adio,
664 2866 712 2930 cui
734 2874 804 2931 trito
827 2863 915 2929 ratio
933 2859 1124 2943 snrrmnmts
1142 2881 1252 2926 conoe·

366 2971 466 3047 nint,
491 2966 578 3057 atqui
598 2961 733 3029 dicimus
751 2984 816 3026 non
836 2981 958 3040 unam,
984 2952 1035 3025 sed
1055 2956 1180 3047 pines,
1200 2958 1252 3022 vi·

367 3062 492 3138 delicet
515 3079 577 3129 tres
600 3059 764 3127 dislincias
782 3062 924 3128 essiones
943 3054 982 3123 ad
1000 3054 1176 3147 legitimam
1198 3078 1264 3122 eur

366 3158 529 3235 ebarisliae
559 3156 872 3228 administrationem
907 3156 1052 3250 requiri,
1091 3153 1253 3221 consecra·

368 3265 496 3331 tionem
507 3251 907 3338 scilicet‚dislributionem
924 3260 959 3322 dc
975 3250 1190 3325 sutntioncrn,
1213 3248 1251 3319 st·

371 3383 415 3429 ve
440 3352 727 3424 manducationem
752 3375 790 3418 ec
812 3350 1021 3428 bibisonem,
1048 3349 1186 3445 proinde
1206 3370 1254 3415 re·

371 3461 422 3527 tio
436 3455 623 3524 sacramenti
637 3477 705 3521 non
723 3446 864 3517 consissit
882 3451 915 3516 in
935 3471 996 3515 una
1013 3463 1141 3528 tantum
1154 3447 1255 3513 aclio-

338 3551 344 3556 ’
373 3578 444 3637 ne,
470 3546 526 3620 sed
543 3551 577 3618 in
602 3548 753 3617 omnibus
774 3545 986 3622 adiionibus,
1013 3569 1030 3612 a
1052 3542 1183 3613 Chrillo
1207 3546 1255 3609 in·

1296 2887 1319 2930 a
1348 2858 1490 2953 ministro
1520 2858 1628 2952 snper
1650 2884 1802 2952 patrem,
1848 2864 1902 2931 issu
1931 2865 2014 2933 enim
2053 2872 2171 2939 versio:

1298 2960 1376 3028 Hoc
1407 2953 1451 3025 est
1488 2980 1605 3053 corpus
1641 2982 1772 3043 memo,
1808 2964 1854 3028 aas
1869 2986 2014 3053 panant,
2045 2990 2108 3036 non
2130 2969 2173 3036 nd

1296 3059 1542 3142 tnnndttrmttem
1573 3058 1754 3219 ¹partirent.
1823 3057 1916 3151 Resp.
1953 3057 2099 3134 Christus
2138 3067 2171 3134 in

1298 3161 1402 3251 prima
1423 3178 1521 3221 ecenae
1536 3156 1571 3221 in
1585 3156 1732 3224 titutione
1743 3161 1779 3227 dc
1799 3151 2087 3241 administrarirme,
2102 3187 2174 3260 quat

1299 3250 1346 3325 est
1362 3252 1557 3349 reliquarum
1580 3276 1697 3322 narina
1714 3277 1751 3322 ac
1764 3252 1892 3329 forum,
1923 3280 1987 3327 nun
2001 3257 2038 3323 ad
2059 3285 2173 3352 panem

1298 3349 1354 3423 sed
1373 3351 1414 3420 ad
1431 3345 1601 3444 discipulos
1620 3347 1718 3421 dixit:
1743 3353 1909 3443 Accipite,
1936 3361 2101 3444 coattezsire,
2119 3360 2175 3430 stoc
2278 3378 2281 3382 ’

1300 3450 1341 3543 est
1355 3473 1471 3543 carpos
1495 3468 1607 3518 ancum.
1659 3448 1823 3543 Repetitio
1844 3447 2048 3524 institutionis
2068 3457 2176 3527 domi·

1299 3553 1380 3619 nica
1396 3543 1552 3618 innostra
1567 3571 1656 3617 crena
1681 3543 1803 3645 separat
1816 3549 1948 3641 quidem
1965 3576 2093 3624 externa
2112 3555 2177 3626 ele·

373 3648 492 3721 slitutis
516 3652 550 3717 dc
573 3641 774 3740 praes-tipus.
824 3639 1035 3713 Consecratio
1062 3639 1129 3711 stne
1155 3640 1256 3711 disits·
1302 3665 1410 3717 menta
1427 3641 1538 3715 abusu
1555 3644 1677 3741 vulgari
1699 3652 1732 3718 dt
1758 3652 1944 3724 communi,
1973 3654 2100 3722 interim
2131 3679 2178 3724 ta.

375 3747 517 3820 butione
542 3752 578 3815 dc
607 3742 767 3814 sumtione
792 3767 857 3810 non
890 3743 934 3811 est
955 3738 1171 3817 eucharislia,
1205 3734 1260 3808 sed
1304 3769 1380 3815 men
1398 3752 1469 3814 non‘
1486 3761 1621 3838 propter
1633 3768 1774 3838 panem,
1802 3744 1854 3816 sed
1875 3765 2012 3843 propter
2025 3776 2178 3825 commu.

376 3868 443 3920 sees
465 3841 508 3912 illi
541 3844 631 3912 acius
665 3838 926 3925 sacramentales,
955 3833 1176 3922 consecratio,
1211 3834 1258 3905 di·
1303 3845 1447 3914 nicantes
1459 3835 1660 3928 instituitur,
1684 3867 1786 3942 neque
1809 3864 1940 3941 propter
1961 3870 2097 3942 panem,
2125 3849 2179 3925 sed

374 3941 551 4018 ssributio,
578 3949 612 4011 δι
631 3934 702 4008 sum
719 3940 876 4010 ‘neodem
895 3941 1020 4006 ratione
1034 3935 1075 4003 ad
1092 3930 1260 4005 essentiam
1305 3961 1438 4038 propter
1455 3945 1732 4012 communicantes
1748 3936 1893 4013 Christus
1914 3938 1972 4013 suo
1993 3972 2130 4043 corpote
2145 3956 2180 4023 in

375 3958 1077 4136 &integritatemcudi-arilliaeeoncurrunt.
1113 4034 1258 4102 sistarcia·
1306 4037 1497 4109 sacracoena
1515 4032 1610 4106 adest.
1660 4040 1850 4111 Invenimus
1882 4046 1979 4137 igitur
2007 4069 2181 4143 argunnae.

376 4141 467 4214 cario
495 4140 627 4231 (inquit
655 4133 889 4221 bellarminus)
920 4132 1006 4202 trullo
1036 4136 1127 4201 modo
1157 4128 1260 4226 potest
1306 4153 1386 4207 tum.
1437 4135 1542 4206 Verba
1556 4130 1792 4208 sacramentalia
1816 4143 1849 4209 in
1866 4140 2020 4233 baptismo
2045 4170 2113 4215 non
2133 4147 2182 4217 di.

378 4236 438 4340 effe
449 4236 707 4330 fhrrntitentnm,
735 4259 811 4301 nain
826 4233 882 4322 istu
906 4228 947 4319 esi
964 4229 1046 4301 irriso
1059 4229 1204 4325 fitsiusfir
1220 4231 1263 4299 ci·
1308 4251 1428 4303 cuntur
1441 4257 1459 4300 a
1472 4227 1660 4328 suscipiente
1676 4238 1711 4305 ba
1737 4231 1892 4316 rismum,
1913 4233 1966 4307 sed
1985 4264 2002 4306 a
2018 4242 2182 4338 baptizati.

368 4338 528 4434 fisemis,
554 4359 618 4403 non
637 4335 700 4402 Dei
713 4345 772 4401 atat
795 4329 936 4421 utiuulri.
990 4331 1039 4401 Aa
1053 4330 1263 4424 flaciainmta
1310 4351 1363 4408 te,
1385 4333 1517 4402 interim
1537 4327 1685 4427 baptismi
1702 4262 1859 4428 scisceptio
1876 4333 2047 4408 necessario
2070 4348 2182 4436 requi.

378 4461 449 4510 m
477 4428 716 4522 suast-assiours
739 4430 963 4522 fitjiipientis,
1000 4429 1143 4523 alioquin
1172 4421 1264 4520 effen!
1311 4434 1411 4505 titur,
1444 4425 1528 4496 utstt
1550 4428 1800 4501 sacramentum:
1829 4437 1869 4501 ita
1887 4442 2184 4530 quoqueverbase.

364 4530 617 4632 operaenim.
668 4524 763 4624 Resp.
787 4527 993 4597 trianducatio
1012 4524 1266 4596 eucharistiaeesl
1310 4525 1513 4598 eramentalia
1533 4530 1567 4597 in
1584 4553 1671 4599 coena
1688 4555 1754 4598 non
1781 4528 1932 4598 dicuntur
1954 4556 1970 4598 a
1989 4538 2181 4614 manducan·

408 4631 525 4702 uidem
547 4631 633 4699 assio
656 4627 901 4709 manducantis,
928 4630 1057 4696 interim
1079 4626 1153 4721 quia
1179 4620 1269 4713 obje·
1312 4651 1366 4702 te,
1391 4621 1446 4696 sed
1467 4648 1485 4692 a
1508 4621 1731 4701 distribuente,
1759 4631 1887 4697 interim
1918 4630 2124 4705 manducatio
2151 4648 2186 4717 ἀ

380 4659 481 4804 bum
499 4728 593 4812 hujus
614 4721 871 4793 manducationis
886 4721 931 4790 ess
948 4726 1037 4816 panis
1056 4715 1268 4802 consecratus,
1313 4724 1427 4794 bibitio
1456 4721 1631 4794 necessum
1671 4727 1868 4822 requiritur,
1909 4744 1944 4796 ut
1976 4728 2015 4801 lit
2044 4741 2186 4811 euchari.

349 4827 480 4918 eujus
497 4817 754 4896 distributionem
770 4817 1117 4891 exsaturarelatotum
1133 4815 1231 4915 praesu
1313 4816 1381 4891 stia.
1430 4823 1590 4892 brevitet:
1632 4848 1692 4892 nec
1725 4819 1925 4896 consecratio
1950 4853 2007 4899 nee
2035 4828 2186 4908 distribu.

311 4971 315 4976 .
365 4925 509 5026 ⁶ponit,
534 4921 612 4992 ideo
629 4912 674 4986 est
692 4917 762 4988 talis
780 4920 889 4993 assio,
916 4943 986 5012 que
1008 4942 1071 4988 uos
1093 4942 1169 4988 cum
1198 4940 1271 4986 rc·
1316 4924 1384 4997 tio,
1422 4943 1481 4991 nec
1508 4921 1735 5011 manducatio,
1771 4943 1925 5014 quatenus
1949 4922 2014 4997 sum
2044 4936 2187 5010 aclionee

325 5025 333 5034 '
384 5023 464 5124 qnia
494 5013 724 5092 adessentiam
745 5025 779 5088 δι
809 5020 1027 5113 integritatem
1049 5017 1142 5106 liujus
1172 5010 1274 5084 sacr-c·
1314 5012 1458 5100 nostrae,
1498 5015 1646 5088 efficiunt
1691 5021 1927 5099 eustariltiam,
1978 5023 2030 5097 sed
2068 5033 2185 5105 Christi

370 5122 503 5232 Ῥάη-
514 5116 703 5222 wastin
727 5137 832 5214 neque
846 5118 936 5214 enim
952 5107 999 5189 est
1012 5137 1095 5208 opus
1108 5114 1274 5212 quoddam
1313 5111 1496 5193 institutio,
1539 5118 1659 5188 Cltrtiti
1683 5118 1850 5206 voluntas,
1889 5119 2011 5195 chtisti
2039 5127 2188 5204 efficacia.

378 5245 403 5260 -.
2102 5231 2164 5261 πμ,
