5375 6209
772 641 775 654 .
867 519 875 614 f
988 562 1060 641 ua
1092 561 1561 645 canonicatuum
1589 535 1736 648 roci.
2009 645 2017 658 κ
2174 588 2275 670 425.

459 742 1334 945 attinueruntt‘ittltltle.
1374 741 2250 940 ltroistut.'obtentura

459 947 703 1036 dificationem3
730 946 830 1020 modo
848 946 1103 1018 ceremoniarum
1120 944 1257 1015 mutatio
1275 944 1334 1017 ob·
1373 946 1416 1019 de
1431 943 1523 1015 utilit.
1539 946 1709 1042 poenitent.
1732 965 1769 1012 ac
1791 946 1885 1016 arao.
1908 943 2047 1025 XXVI.
2073 948 2108 1017 in
2126 941 2246 1041 Joban.

460 1036 1333 1142 liquamueraedodlrirmlabefadlationemnonlpcdler
1373 1043 1520 1116 altarium
1536 1038 1788 1139 adpellationem
1809 1039 1923 1112 mensis
1940 1042 2001 1115 illia
2022 1043 2186 1124 tribuunt,
2209 1048 2246 1120 ia

461 1143 513 1215 vel
536 1141 593 1212 irbi
619 1144 827 1235 contundam
853 1139 980 1214 babeat.
1028 1134 1134 1212 Potest
1160 1159 1267 1212 autem
1294 1167 1330 1214 ea
1373 1142 1486 1241 quibus
1503 1135 1589 1211 sacra
1604 1162 1694 1209 coena
1709 1134 2021 1219 fuitadministrata,
2042 1167 2117 1214 oum
2134 1165 2247 1219 tamea

461 1240 633 1311 cbriiliana
648 1240 952 1319 libertate,remotis
969 1241 1105 1325 c'aeteria,
1115 1264 1216 1337 unum
1229 1237 1329 1311 altare
1374 1231 1567 1312 millaticum
1588 1225 1782 1308 sacrificium
1796 1234 1872 1335 iplia
1885 1232 1985 1309 fuerit
1996 1242 2157 1337 ignotum.
2187 1245 2248 1333 a.)

461 1340 594 1409 retineri
609 1387 631 1416 ,,
646 1345 681 1413 dc
701 1338 743 1408 ad
764 1363 861 1409 conae
882 1335 1052 1408 dominicae
1080 1334 1329 1409 celebrationem
1374 1342 1425 1409 An
1439 1332 1544 1407 mensa
1560 1336 1599 1408 fit
1611 1334 1716 1431 lignea
1728 1334 1777 1406 vei
1790 1334 1935 1431 lapidea,
1959 1338 1992 1406 in
2030 1360 2068 1406 ua
2082 1332 2249 1412 sacra'coe·

461 1435 628 1507 adbiberi:
646 1490 648 1494 .
669 1437 725 1525 r.)
740 1437 827 1535 Qia
843 1431 978 1508 celiante
991 1431 1147 1505 sacrificio
1163 1433 1271 1505 altaria
1292 1433 1330 1505 il·
1373 1460 1414 1506 na
1431 1433 1631 1509 celebratur,
1660 1432 1739 1503 nibil
1754 1433 1844 1504 addit
1859 1432 1909 1503 vel
1924 1363 2063 1504 detulit
2078 1438 2248 1532 integrira.

463 1534 493 1604 la
508 1532 587 1603 nibil
602 1531 686 1603 aliud
701 1528 887 1629 suntquaua
897 1528 1011 1605 naenia
1025 1532 1053 1602 la
1079 1532 1180 1610 ideae,
1205 1529 1328 1604 sublato
1374 1533 1506 1626 tibujua
1528 1531 1724 1605 sacramenti.
1773 1532 1901 1603 Fuerint
1920 1526 1995 1602 iane
2013 1529 2121 1603 alrarla
2139 1529 2249 1606 miil'a·

462 1635 549 1706 enirn
570 1632 702 1700 relativo
714 1633 857 1727 formali
874 1653 983 1703 manet
999 1631 1040 1701 ab
1055 1628 1181 1704 olutum
1204 1639 1240 1703 dc
1260 1655 1329 1701 mo·
1374 1626 1708 1729 ticoplacrillcioolim
1729 1630 1968 1711 contaminata,
1992 1633 2119 1702 interim
2140 1655 2252 1708 tamen

461 1728 570 1798 terialr
602 1745 738 1801 rantum.
787 1730 961 1828 Tempore
986 1726 1207 1827 apollolorum
1235 1731 1331 1824 primi
1372 1752 1433 1825 per
1459 1728 1617 1816 verbum,
1642 1750 1754 1826 preces
1780 1733 1815 1800 dc
1841 1725 2023 1824 legitimum
2055 1728 2251 1821 eucharistiae

435 1907 437 1912 ,
458 1826 615 1898 christiani
630 1825 671 1895 ad
689 1823 784 1898 lacre
797 1854 897 1901 coenae
915 1826 1161 1898 celebrationem
1175 1852 1243 1899 non
1262 1821 1332 1896 sunt
1374 1822 1467 1897 usum
1479 1832 1543 1919 jam
1558 1827 1685 1925 pridem
1703 1821 1774 1896 sunt
1786 1845 1981 1923 repurgata,
2006 1821 2200 1903 sanctificata
2213 1840 2249 1909 dt

459 1920 504 2044 usp
527 1923 698 2042 altaribus,
722 1922 774 1996 secl
798 1915 937 2001 rnenfia',
964 1923 1228 2021 undeapollolus
1250 1945 1342 2026 arpos
1375 1923 1568 2041 consecrata.
1607 1924 1734 1997 rTirn.
1759 1925 1824 2003 lV.
1850 1946 1881 2003 ς.
1931 1924 2154 2018 idolothytum
2176 1932 2250 2001 eth·

458 2018 1259 2217 tillidi&bilibit?suffiti·
1277 2046 1332 2190 ii
1375 2017 1920 2220 litbitblttlllltssnltl
1935 2017 2250 2222 {illabili

459 2217 626 2288 Christum
653 2224 745 2292 annis
764 2216 889 2313 lapidea
909 2227 943 2290 dc
967 2218 1026 2289 lixa
1052 2218 1160 2289 altaria
1184 2146 1330 2289 nondum
1375 2213 1503 2294 sanata,
1529 2243 1604 2289 cum
1620 2243 1675 2289 rex
1695 2216 1839 2291 Beliazer
1853 2245 1889 2291 ex
1909 2148 1968 2291 illis
1990 2226 2250 2313 compotatione.

460 2312 587 2386 fuerunt
602 2320 634 2385 in
647 2315 789 2413 generali
802 2321 836 2386 dt
849 2315 978 2411 publico
993 2312 1131 2388 ecclefiae
1144 2315 1220 2401 usu,
1236 2315 1331 2413 fiqui-
1375 2315 1566 2402 inilitucret;
1595 2339 1612 2380 a
1640 2319 1720 2411 Reg.
1748 2317 1866 2395 XXV.
1911 2344 1928 2383 a
1954 2317 2053 2390 Parui.
2077 2319 2250 2402 XXXVI.

420 2485 424 2492 ,
460 2413 539 2483 dem
569 2413 642 2485 libr.
667 2417 753 2487 Vlll.
778 2434 889 2485 contra
907 2412 1035 2485 Celsum
1054 2439 1086 2512 p.
1106 2438 1187 2499 794.
1211 2412 1331 2494 refert,
1376 2417 1459 2485 Dan.
1473 2413 1521 2490 V.
1546 2412 1647 2502 nihilo
1668 2419 1775 2484 ta'men
1797 2420 1903 2487 uulnus
1926 2414 1966 2484 ad
1983 2417 2103 2489 cultum
2123 2414 2249 2495 sacrum

437 2511 588 2604 sefiem
614 2513 681 2583 cirri
708 2518 792 2583 ionis
814 2510 969 2609 objmiffe,
994 2519 1077 2608 quod
1101 2515 1170 2584 ceris
1194 2513 1332 2606 templis·
1376 2508 1508 2582 fuerunt
1536 2515 1651 2582 iterum
1675 2511 1818 2584 adhibita
1840 2523 1872 2588 8(
1900 2510 2106 2592 sanctificata.
2139 2515 2249 2595 Esnl.
2298 2535 2304 2542 '

460 2635 521 2705 que
538 2624 695 2696 careant,
712 2617 763 2683 cul
781 2612 956 2703 objedlioni
980 2605 1164 2708 respondet:
1190 2614 1267 2683 Non
1287 2614 1334 2682 vi·
1380 2614 1441 2702 3.)
1465 2607 1622 2706 Apologia
1657 2611 1846 2706 du'guilanae
1872 2607 2079 2685 confelllonis
2101 2634 2161 2690 art.
2182 2618 2249 2694 XI.

460 2714 536 2779 dens
554 2735 616 2803 pro
632 2714 700 2780 arir
712 2714 800 2780 nobis
815 2707 871 2807 effe
886 2711 1124 2805 orentemsuom
1141 2713 1273 2806 cuique,
1296 2732 1336 2781 ex
1379 2707 1500 2778 mensas
1520 2705 1588 2777 illas
1607 2705 1749 2803 lapideas
1770 2708 1812 2778 ad
1831 2706 1925 2779 sacrae
1949 2734 2045 2779 coenae
2062 2713 2250 2785 celebratio.

458 2807 664 2904 quasorsum
673 2810 834 2902 seruntur
854 2833 927 2880 vere
945 2807 992 2883 &
1013 2811 1247 2904 intelligibiliter
1256 2808 1338 2901 sero·
1379 2831 1456 2878 nem
1473 2804 1621 2875 adbiberi
1637 2799 1727 2901 polle
1740 2831 1806 2875 non
1820 2822 1935 2902 negat,
1948 2809 2025 2900 quin
2042 2812 2110 2880 imo
2122 2810 2250 2885 easdem

457 2908 902 3002 oeolmtessuffituspretese
919 2931 1007 2997 pora
1027 2908 1223 3002 conscientia.
1248 2907 1337 2976 i'oil·
1379 2904 1488 2975 altaria
1516 2920 1610 2972 vocat
1627 2952 1641 2981 ,
1668 2900 1879 2974 nihilominus
1910 2918 2018 2974 tamen
2058 2906 2251 2984 sacrificium

422 3057 431 3064 -.
459 3027 500 3075 ea
520 3026 599 3074 vero
618 3010 772 3102 temporis
796 3027 858 3100 pro
883 3003 964 3076 rcilu
987 3003 1085 3076 sacras
1106 3001 1172 3075 illaa
1192 3001 1336 3083 mensas,
1380 2999 1565 3073 missaticum
1580 3000 1754 3099 improbar.
1790 3006 1845 3092 4.)
1860 3008 1943 3073 Beza
1954 3006 1987 3074 in
2002 3001 2122 3101 colloq.
2133 3007 2251 3079 Mom.

459 3101 505 3172 ad
519 3101 797 3199 quaaeucharillia
818 3030 975 3218 cefebrara
996 3096 1084 3180 fuit,
1108 3117 1267 3218 vocarunt
1289 3100 1335 3172 al·
1378 3093 1438 3197 pel.
1451 3095 1474 3167 f.
1487 3120 1567 3175 425·
1581 3123 1648 3211 nou
1664 3092 1766 3167 solum
1786 3094 1880 3171 fassus
1902 3101 1970 3177 est,
1992 3098 2102 3172 altaria
2121 3102 2252 3177 tolerari

460 3200 774 3372 &latitabit
787 3197 935 3395 lilii}
961 3198 1336 3395 l‘tsstnlt‘illtli
1377 3190 2257 3387 illibiillaillabilbili?lii

459 3396 529 3468 boc
552 3392 750 3469 sacramento
775 3390 860 3466 uiuri
899 3411 1012 3474 erant,
1044 3392 1220 3467 offerebant
1242 3392 1335 3493 super
1377 3420 1418 3466 co
1433 3414 1525 3465 ecana
1542 3391 1678 3461 Domini
1698 3387 1853 3463 haetenus
1874 3387 2029 3465 celebrata
2040 3387 2152 3475 fuerit.

459 3488 586 3566 mensae
611 3492 682 3564 illas
701 3493 865 3572 donaria,
885 3497 1074 3588 cumprimis
1092 3515 1208 3588 panem
1232 3501 1268 3567 δι
1288 3498 1335 3563 νὶ-
2016 3570 2024 3574 ,

459 3616 562 3665 num:
590 3585 1224 3675 illaconferebanturinsustentationem
1239 3594 1336 3664 mini·
1417 3588 1465 3692 §
1490 3584 1666 3667 CCLXli·
1692 3586 1979 3663 Exltlafacilead·
2054 3630 2255 3715 Argum·

413 3753 436 3775 t.
458 3692 606 3764 litorum
630 3689 768 3763 ecclefiae
803 3697 839 3763 dc
860 3712 1064 3786 pauperum,
1094 3685 1336 3787 segregabantur
1376 3707 1485 3787 paret,
1511 3685 1590 3785 quid
1605 3686 1646 3758 ad
1658 3704 1848 3784 argumenta
1860 3686 1980 3762 adrer-
2027 3711 2252 3793 msam,

459 3787 505 3862 de
519 3787 579 3860 illia
592 3787 704 3859 oblatis
716 3792 854 3885 panis&
869 3788 980 3857 vinum
1001 3792 1033 3857 in
1048 3785 1139 3876 uiam
1162 3782 1254 3859 sacrae
1269 3816 1335 3862 coe-
1376 3785 1530 3886 sariorum
1541 3782 1799 3883 respondendum
1813 3784 1864 3860 fit.
1917 3790 1975 3879 1.)

456 3911 532 3965 aar,
555 3885 798 3960 inllituebantur
819 3888 916 3958 etiam
937 3883 978 3956 de
997 3882 1055 3956 illis
1072 3880 1247 3981 aydam,
1265 3913 1336 3984 que
1379 3888 1516 3960 Altaria
1532 3882 2038 3982 vetetestf(inquiunt)saeront
2053 3892 2122 3986 typi
2136 3889 2255 3965 altoris

460 3988 689 4078 jmueoenam
707 3986 844 4056 Domini
867 3982 1041 4079 insignum
1055 3986 1172 4054 mutuae
1184 3982 1336 4058 fraterni·
1378 3985 1484 4059 iiiios,
1507 3987 1540 4054 in
1563 3981 1627 4079 quo'
1648 3982 1795 4077 Cltmstur
1806 3982 1846 4084 se
1869 3985 1974 4079 ipsum
1993 3983 2155 4059 uiffimem
2179 3991 2254 4065 Deo

460 4086 537 4158 tatis
553 4082 778 4179 agitabantur,
804 4084 879 4153 inde
900 4082 1008 4179 postea
1037 4078 1142 4153 altaria
1165 4082 1335 4180 adpellatio
1380 4082 1517 4161 macti,
1537 4080 1671 4177 loress,
1696 4083 1799 4158 mucis
1810 4105 1825 4160 ;
1843 4084 1918 4179 jam
1933 4086 2253 4159 oerovmimteima·

461 4179 582 4252 manlit
596 4182 635 4254 in
643 4172 780 4252 ecclelia.
806 4178 984 4251 Voluemot
1002 4172 1127 4274 insuper
1148 4168 1209 4252 bae
1228 4178 1337 4279 adpel·
1375 4183 1453 4279 gine
1460 4184 1549 4274 perit
1560 4177 1674 4262 racd,
1692 4178 1793 4251 Hebe.
1807 4179 1854 4254 X.
1875 4161 2253 4281 1.1tep.noeexebpto‘

458 4277 583 4349 latione
599 4277 725 4363 ludaeos
742 4274 1042 4354 adconveriionem
1058 4279 1192 4350 invitare
1209 4274 1337 4375 pbrasea
1376 4295 1504 4378 patrum
1529 4281 1700 4374 primitivae
1724 4275 1859 4347 ecclesiae
1876 4304 1951 4350 men
1966 4303 1999 4350 aa
2021 4276 2089 4350 illac
2109 4277 2138 4359 la
2165 4279 2252 4358 ideae

458 4372 535 4447 tell.
554 4398 617 4447 vet.
634 4376 675 4445 ad
695 4375 818 4447 cultum
838 4375 1042 4445 chrillianum
1064 4373 1276 4471 adplicando,
1301 4384 1337 4450 dc
1367 4383 1533 4451 'vocamur
1556 4371 1687 4453 altaria,
1711 4399 1779 4445 non
1797 4370 1885 4445 sensu
1911 4379 2046 4473 proprio
2067 4376 2108 4449 ad
2134 4306 2254 4451 daifi·
2328 4403 2331 4409 ’

457 4475 739 4548 criminationibus
753 4473 957 4547 ethnicorum
970 4472 1097 4543 obviam
1111 4477 1176 4549 ire,
1192 4478 1247 4570 qui
1263 4499 1349 4570 per..
1377 4480 1465 4548 eiam
1479 4472 1599 4553 relato,
1621 4467 1671 4542 sed
1690 4476 1871 4570 improprio
1886 4480 1919 4547 dc
1932 4475 2144 4570 mnapiorieo
2153 4501 2166 4556 ,·
2182 4501 2251 4550 aon

456 4589 562 4672 petuo
588 4570 652 4641 boc
681 4572 953 4669 ingeminabant,
979 4571 1163 4644 christianos
1185 4572 1351 4645 altaribus·
1378 4567 1468 4645 sensu
1496 4566 1661 4647 mosaicos
1681 4565 1734 4641 sed
1761 4570 1967 4669 evangelic03
1992 4596 2060 4642 non
2082 4566 2171 4645 sensu
2195 4601 2254 4673 pa·

456 4669 599 4744 destitui.
647 4671 824 4766 in‘papatu
845 4671 952 4744 erecta
977 4664 1049 4740 sunt
1066 4669 1176 4759 altaria
1201 4695 1337 4769 propter
1376 4669 1512 4771 pillico,
1538 4663 1592 4739 sed
1608 4667 1805 4739 orthodoxo.
1855 4670 1922 4760 ii.)
1973 4670 2052 4745 Cor.
2068 4671 2136 4743 IX.
2148 4698 2195 4763 13·

455 4763 654 4841 sacrificium
675 4765 798 4844 milla,
824 4769 857 4841 id
880 4791 957 4838 vero
975 4766 1055 4839 nihil
1074 4767 1249 4865 quidquam
1274 4772 1338 4841 im·
1377 4793 1427 4862 ιφ
1444 4767 1596 4867 oppositio
1611 4766 1653 4862 est
1668 4770 1752 4837 inter
1765 4763 1941 4864 adsemire
1958 4770 2079 4844 altari,
2096 4765 2144 4845 θ’
2153 4797 2254 4866 prae.

484 4864 575 4941 edit,
598 4869 788 4958 quominus
806 4889 842 4935 ea
869 4870 901 4933 in
911 4864 1084 4962 pollerum,
1097 4864 1218 4940 sublato
1246 4865 1336 4939 sacri·
1373 4872 1495 4942 dicore-
1509 4869 1719 4963 euangelium.
1770 4863 1864 4962 Kasp,
1887 4863 2047 4950 missaticis
2067 4863 2266 4947 sacrificulis*

454 4893 733 5058 Xciomiliatico,
745 4963 785 5035 ad
803 4961 1052 5038 celebrationem
1071 4964 1265 5047 eucharilliae
1280 4964 1350 5036 ad--
1375 4970 1444 5044 iaec
1460 4971 1493 5039 dc
1509 4963 1618 5034 finilia
1640 4967 1725 5035 reste
1742 4987 1979 5060 opponuntur,
2000 4991 2060 5036 nos
2084 4967 2252 5063 repudiato
2280 5025 2289 5036 ,
2336 5037 2342 5047 ,

453 5062 719 5154 hiberipotimt,
743 5084 816 5133 cutn
829 5085 898 5137 non
914 5058 1050 5154 amplior
1065 5061 1127 5139 fint
1143 5062 1252 5134 altaria
1264 5059 1344 5131 sen··
1364 5058 1476 5134 'inissa
1493 5057 1650 5132 sacrificio
1665 5062 1767 5132 altaris
1783 5086 1905 5134 nomen
1926 5088 1962 5133 cx
1977 5066 2140 5158 primitiva
2152 5067 2253 5141 eccla.
2349 5114 2353 5120 -

452 5156 496 5234 su
528 5155 569 5228 ad
593 5152 788 5236 sacrificium
811 5157 944 5242 relato,
968 5153 1024 5257 l'rd
1047 5154 1334 5268 mentsaclapidee.
1373 5157 1419 5235 fia
1433 5159 1612 5237 deductum
1630 5156 1709 5268 iaao
1729 5153 2038 5239 ienfit'rerioemuc,
2064 5164 2140 5263 quia
2162 5170 2253 5253 enim

514 5256 682 5333 Tomis.
1108 5280 1111 5285 ·
1359 5348 1363 5358 Ι
1428 5257 1541 5334 ilitio
1625 5369 1634 5380 Α
2081 5269 2100 5280 ”
2170 5262 2252 5353 oll-
2369 5340 2375 5348 .
