5375 6209
447 451 449 456 Ι
515 502 618 630 tto}
956 604 973 626 ,,
1049 533 1051 538 ·
1127 455 1694 598 ἰοοιιιιιιιζοιιιιι.
1745 557 1761 624 4
1883 481 1936 497 ''

518 711 612 809 Ergo
630 702 700 779 tion
711 702 858 804 typicum
881 691 917 778 &⁵
938 700 1170 801 figurativum,
1196 695 1251 774 sed
1270 729 1404 790 vetum,
1439 727 1481 774 eo
1505 673 1673 806 inuritur,
1697 699 1784 774 unde
1799 701 1841 775 fic
1855 702 2052 801 colligimus:
2101 707 2148 779 Et
2166 705 2326 787 caliceeu·

518 807 606 884 reale
620 801 868 881 &substantiale
885 800 1006 880 Citrilli
1028 807 1146 901 corpus
1162 803 1195 920 in
1208 796 1295 874 sacra
1308 827 1398 874 coena
1439 800 1614 932 citarillico
1633 822 1688 871 aut
1716 803 1832 918 bibitur
1861 823 1987 922 tantum
2017 811 2127 908 uinum
2140 859 2167 926 ,·
2179 829 2235 879 aut
2253 838 2329 931 cum

517 898 1401 1176 {fiiifittisshiiiiid“iiiiii'‘inii
1438 916 1644 1071 iiiiii?
1655 899 1814 1071 {iiiii
1830 903 1980 1075 iiiii,
1993 907 2329 1098 tibitibi

518 1104 555 1178 su
580 1100 821 1177 stantialis‘Chri
852 1103 861 1120 ⁰
883 1097 1007 1197 sanguis
1020 1101 1053 1169 in
1063 1092 1151 1172 sacra
1165 1126 1256 1173 ctena
1265 1093 1404 1198 praesens
1439 1100 1695 1192 testamentum,
1717 1102 1837 1198 quippe
1852 1100 1939 1200 quod
1962 1127 2029 1173 non
2041 1105 2130 1188 vino,
2140 1101 2196 1176 sed
2211 1107 2331 1181 Cbrilli

520 1201 592 1283 eii,
631 1225 669 1272 ae
701 1200 856 1273 bibendui
881 1200 978 1272 nobit
1006 1197 1111 1271 datur.
1172 1204 1206 1275 Si
1229 1200 1403 1272 obvertere
1437 1191 1594 1296 sanguine
1610 1198 1656 1269 est
1678 1193 1852 1290 sancitum,
1885 1220 1980 1298 atquc
2007 1207 2072 1294 ejus
2086 1202 2275 1301 adplicatio,
2295 1216 2329 1284 δι

392 1299 394 1304 ’
520 1301 629 1386 γ’ςιῑῃι,
642 1297 686 1375 ei
699 1305 784 1396 quoti
803 1295 1029 1394 exponendum
1056 1293 1116 1369 else
1128 1323 1197 1395 per
1217 1312 1401 1395 quatenus,
1439 1294 1650 1368 confirmatio
1666 1322 1735 1369 non
1753 1295 1793 1367 lit
1811 1300 1966 1370 bibitione
1986 1299 2064 1372 nudi
2079 1306 2176 1390 uini,
2203 1298 2260 1375 sed
2282 1307 2328 1379 bi·

518 1398 689 1501 repetenda
709 1394 783 1470 sunt
798 1394 1010 1470 fundamenta
1027 1394 1193 1500 ariperti.
1250 1400 1300 1489 3.)
1323 1398 1404 1465 San·
1442 1394 1570 1465 bitionc
1597 1390 1760 1491 sanguinis
1790 1395 1910 1467 Christi
1935 1392 2214 1492 sacramentaliter
2248 1409 2327 1478 vino

341 1539 345 1550 ·
416 1547 419 1556 ·
517 1505 592 1601 guis
605 1499 685 1569 novi
700 1496 899 1574 teslantenti,
926 1498 992 1567 hoc
1007 1499 1072 1571 cst,
1097 1494 1308 1595 illesanguit,
1332 1517 1405 1593 quo
1435 1495 1544 1581 uniti,
1565 1490 1708 1566 docente
1728 1495 1876 1567 Chrillo:
1901 1492 2031 1577 Bibitt,
2054 1500 2112 1572 stoc
2131 1501 2326 1609 eliseagttir

517 1621 597 1672 nov.
612 1596 681 1669 tell.
702 1594 858 1670 sancitum
876 1598 920 1667 est
940 1603 975 1667 δι
995 1594 1251 1676 confirmatum,
1275 1594 1321 1667 eil
1344 1617 1401 1664 ve·
1438 1615 1528 1663 tatus
1541 1616 1616 1663 noo.
1629 1593 1697 1685 test.
1720 1593 2198 1697 Relinquiturergoposletius.
2211 1604 2329 1694 6.)ce.

365 1777 370 1786 ι
519 1719 596 1780 rus,
624 1687 715 1768 realis
738 1703 772 1771 dt
792 1692 997 1768 subilantialis
1021 1695 1143 1772 Christi
1162 1691 1301 1792 sanguis.
1351 1690 1402 1760 Ut
1439 1689 1485 1760 lix
1505 1693 1734 1763 eucharisticua
1764 1694 1880 1765 dicitur
1907 1720 1968 1791 pto
1988 1698 2081 1769 nobis
2096 1695 2224 1772 effusus
2251 1704 2327 1780 Luc.

519 1795 609 1869 enim
636 1811 723 1866 uetus
754 1793 981 1867 testamentum
1006 1790 1160 1893 sanguine
1187 1802 1404 1886 juvencorum
1439 1788 1559 1866 xxii.
1583 1814 1637 1860 20.
1673 1793 1747 1862 Hoc
1772 1795 1922 1888 pocttittm
1945 1795 1987 1893 est
2009 1821 2082 1867 nov.
2106 1799 2175 1897 test.
2203 1803 2241 1871 iu
2263 1827 2328 1883 meo

315 1908 316 1912 ,
441 1949 444 1954 ,
491 1898 650 2002 Ιηρίεοτ
673 1894 717 1964 ita
740 1920 863 1966 nouum
887 1918 965 1964 reto
988 1895 1113 1970 Christi
1131 1889 1286 1990 sanguine
1302 1886 1405 1960 sanci.
1430 1888 1626 1988 fingmm,
1653 1895 1740 1986 quod
1759 1893 1907 1985 poculum
1925 1919 1990 1989 pro
2012 1900 2100 1968 vobis
2125 1898 2328 1996 finditur,

408 2055 412 2070 .
518 1992 947 2069 tumetiaconfinnatum,
975 2016 1011 2061 ut
1028 1987 1316 2087 docetepiilolaad
1334 1993 1405 2060 He·
1440 1986 1484 2063 cd
1505 1985 1677 2076 ποτέων
1692 1987 1924 2082 interitione.
1975 1998 2024 2065 Ex
2039 2012 2127 2066 textu
2138 2019 2248 2097 greco
2263 2007 2329 2073 evi·

518 2090 625 2164 Braeos
637 2091 701 2170 IX.
721 2116 777 2166 ta.
805 2094 876 2186 Jam
891 2116 970 2162 vero
995 2088 1312 2166 Chrilluetciiatut,
1331 2082 1405 2157 san·
1441 2086 1707 2167 denterconilat,
1732 2117 1791 2163 nec
1805 2094 1845 2161 ad
1853 2084 2007 2171 διαθήκην
2017 2119 2077 2168 nec
2087 2095 2130 2168 ad
2143 2093 2330 2192 ἅιματιτό

387 2202 393 2214 “
544 2193 653 2262 uinem
667 2193 750 2261 ¹novi
770 2188 949 2263 testamenti
968 2195 1002 2261 in
1018 2185 1105 2261 sacra
1124 2214 1216 2261 eoena
1239 2187 1336 2258 nobie
1359 2184 1409 2254 bi·
1442 2182 1664 2281 ἔκχυνόμενον
1679 2183 1791 2260 referri
1805 2189 1919 2287 polle,
1944 2187 2118 2266 necessario
2132 2199 2234 2293 igitur
2247 2196 2329 2274 refe·
2373 2237 2375 2242 ⁴

517 2213 661 2364 sendum
678 2288 758 2360 dari.
808 2292 899 2387 Ergo
917 2314 1029 2384 verua,
1054 2284 1147 2359 realis
1165 2295 1200 2361 ἀ
1222 2286 1406 2360 substantia·
1443 2289 1581 2360 rendunt
1601 2288 1647 2360 'ad
1670 2285 1711 2362 ad
1733 2286 1914 2375 tration.
1968 2298 2011 2361 At
2029 2296 2205 2391 quomodo
2223 2323 2329 2395 poen.

486 2439 490 2448 ι
518 2382 558 2462 lit
581 2385 703 2465 Chrilli
719 2383 844 2485 sanguis
857 2391 892 2459 in
907 2384 995 2461 sacra
1021 2409 1112 2459 coena
1137 2387 1230 2458 nobis
1249 2380 1406 2458 bibendus
1442 2381 1510 2458 lum
1524 2381 1622 2460 sacrat
1637 2413 1735 2459 coenae
1749 2417 1810 2489 pro
1825 2395 1916 2462 nobis
1948 2387 2109 2463 effusum?
2136 2394 2223 2466 nulla
2241 2417 2332 2471 certe

518 2475 629 2569 datur,
676 2486 765 2562 Cum
792 2483 905 2559 Moses
925 2486 1076 2586 sanguine
1095 2492 1305 2579 iuvencorum
1323 2484 1410 2577 typi·
1443 2488 1567 2555 tatione
1578 2487 1659 2576 alia,
1682 2511 1778 2583 quam
1791 2493 1865 2587 quia
1879 2486 2150 2561 sacramentaliter
2172 2491 2236 2567 stb'i
2257 2501 2331 2570 uni·

331 2609 333 2616 ¹
424 2623 431 2637 ·
520 2607 564 2659 eo
579 2583 739 2686 populum
751 2584 975 2686 adspergeret,
1001 2584 1110 2657 dicit:
1130 2581 1406 2684 Enfitttguirfe·
1443 2597 1512 2652 tum
1532 2581 1778 2752 acflpraesentem
1800 2590 1894 2658 babet
1913 2585 2031 2657 Chtilli
2055 2584 2249 2688 sangninem
2268 2622 2331 2696 pro

518 2689 637 2763 deris,
655 2689 741 2784 qaod
762 2690 890 2786 pepigit
920 2684 1058 2756 Itiovttb
1091 2684 1260 2777 calefiam.
1298 2676 1406 2753 exod.
1442 2681 1570 2752 nobiae
1601 2681 1690 2755 nsum
1704 2732 1718 2761 ,
1744 2711 1842 2783 quem
1856 2684 1963 2759 exilio
1980 2686 2133 2763 bibimus.
2182 2695 2331 2769 Citieun.

518 2784 656 2865 XXIV.
678 2802 708 2857 t.
737 2785 799 2855 Sed
818 2789 853 2856 in
870 2782 1120 2854 confirmatione
1135 2791 1172 2854 &
1190 2782 1229 2853 ad
1254 2780 1409 2854 litatione
1442 2776 1516 2876 que'
1535 2782 1690 2856 tribuitur
1717 2786 1887 2880 proprium
1915 2780 2079 2885 sanguinis
2105 2787 2252 2882 Christi,
2285 2793 2333 2868 illi

518 2909 597 2956 nov.
621 2883 688 2956 teil.
705 2879 853 2960 Cbrillus
868 2906 936 2953 non
955 2883 1126 2978 typicum,
1148 2877 1202 2952 sed
1221 2808 1317 2953 stum
1332 2875 1404 2948 san·
1441 2874 1628 2975 praesentem
1641 2888 1815 2953 &unitum
1827 2878 2027 2982 oportetclle
2035 2885 2226 2984 sanguinem
2235 2896 2332 2967 Chri.

567 2983 651 3055 ‘nem
667 2982 760 3053 nobis
775 2979 954 3053 bibendum
969 2979 1085 3058 tradit,
1116 2980 1259 3079 ideoque
1273 2977 1404 3051 formu·
1442 2974 1506 3056 lli,
1531 2979 1610 3051 aliae
1629 2977 1721 3051 foret
1738 2981 1922 3075 predicatio
1947 3009 2038 3057 merc
2057 2985 2207 3064 verbalia.
2227 3009 2233 3016 ’
2252 2997 2331 3079 Jam

554 3107 588 3152 m
611 3075 797 3153 foederalem
820 3084 855 3151 in
872 3105 936 3152 vet.
959 3082 1029 3153 test.
1057 3076 1238 3175 usurpatam
1268 3076 1404 3175 adjudis
1441 3097 1519 3149 vero
1541 3078 1631 3153 calici
1651 3080 1860 3152 eucharistico
1887 3083 2039 3154 tribuitur
2060 3093 2231 3184 proprium
2254 3090 2331 3163 iin-

406 3215 409 3220 ·
519 3174 710 3253 differentia
727 3174 820 3252 causa
837 3178 957 3252 duabus
973 3179 1234 3269 vocibus(metts
1255 3184 1289 3250 dt
1305 3176 1405 3263 novi)
1440 3180 1550 3268 guinis
1560 3176 1704 3255 Cbrisli,
1728 3177 1878 3251 videlicet
1892 3176 2019 3251 effundi
2032 3208 2094 3280 pro
2110 3188 2221 3270 nobie,
2240 3214 2326 3288 ergo

518 3279 563 3353 ad
578 3303 706 3352 novum
719 3274 824 3351 soedut
841 3278 897 3351 suo
918 3282 1051 3376 proprio
1071 3273 1229 3376 sanguine
1246 3275 1403 3349 sancitum
1440 3276 1533 3345 calici
1548 3275 1759 3349 eucharistico
1771 3274 1956 3374 presentem
1969 3284 2141 3354 &unitum
2157 3283 2328 3389 tss'eopot.

518 3377 670 3554 'paint
720 3379 1246 3466 4.)Novumtcstamentumnon
1261 3374 1401 3473 amplius
1441 3372 1684 3475 tetsanguinem
1706 3376 1838 3453 Chtilli.
1891 3379 1950 3446 Vis
1964 3378 2098 3452 clarius?
2125 3385 2331 3489 Ubicunque

382 3523 387 3532 ·
516 3479 561 3554 ha
602 3476 738 3554 tetrice
761 3482 909 3550 umbram
937 3478 985 3553 Εἴ
1014 3473 1188 3576 imaginem
1203 3479 1402 3572 futurorum
1429 3475 1576 3577 seijtiio
1599 3475 1765 3552 tribuitur,
1791 3475 1879 3573 quod
1895 3474 1957 3572 lpsl
1970 3478 2004 3547 in
2018 3474 2049 3550 l'e
2062 3505 2100 3551 tc
2115 3487 2330 3580 persentio.

517 3583 701 3658 bonorum,
726 3576 780 3649 sed
803 3573 901 3674 ipsam
929 3576 1268 3669 tiatira-suffectione
1287 3576 1335 3650 ἐφ’
1347 3600 1402 3645 ex·
1439 3599 1485 3643 ne
1497 3572 1692 3647 cilentiaevel
1710 3573 1904 3645 inhaerentiae
1924 3601 1993 3646 non
2009 3588 2180 3663 convenit,
2207 3588 2256 3660 ibi
2271 3615 2327 3663 ex.

382 3751 387 3768 Ι
513 3676 655 3774 preffltm
689 3701 800 3747 rtrum
823 3681 1016 3772 imaginum
1042 3674 1117 3750 Col.
1137 3675 1184 3752 ΙΙ.
1209 3699 1263 3758 ¹7·
1294 3675 1401 3746 Hebr.
1439 3677 1593 3769 primitur
1605 3677 1685 3745 unio
1700 3674 1897 3745 intercedent
1918 3670 2060 3763 subjecto
2076 3699 2229 3777 cutn'eo,
2238 3697 2328 3783 cujus

517 3775 566 3857 X.
587 3797 615 3845 ι.
640 3775 723 3871 (ubi
737 3799 795 3870 per
809 3770 915 3844 sutura
929 3775 1014 3845 bona
1035 3799 1102 3843 non
1115 3769 1245 3868 possunt
1264 3772 1398 3868 intelligi
1439 3778 1608 3870 proprium
1632 3772 1676 3843 esi
1688 3772 1785 3852 illud,
1808 3770 1954 3869 quotide
1969 3771 2324 3877 subjeciopraedicatur.

517 3871 673 3948 beneficia
687 3869 882 3972 pullionis&
897 3877 1011 3944 mortis
1034 3873 1178 3951 Christi,
1204 3897 1275 3969 quae
1296 3872 1400 3943 fideli·
1440 3876 1539 3946 Ratio
1552 3877 1752 3944 connexionis
1769 3872 1813 3943 esi
1836 3866 2029 3964 manifesta,
2053 3880 2216 3980 quidquid
2238 3890 2324 3959 enim

505 3975 577 4048 -bus
591 3979 759 4073 utriusque
777 3967 953 4043 testamenti
965 3967 1038 4041 sunt
1054 3977 1259 4053 communia;
1287 3967 1401 4043 sedin·
1434 3966 1634 4062 delubjcdlo
1654 3995 1727 4043 vere
1740 3982 1775 4045 &
1791 3972 1920 4042 realiter
1940 3975 2154 4068 predicatur,
2178 3983 2262 4056 illud
2274 3981 2321 4055 vel

487 4098 491 4112 “
516 4072 706 4173 telliguntur
725 4098 841 4190 corpus
856 4079 891 4145 dt
908 4068 1034 4167 sanguis
1050 4066 1189 4147 Christi,
1216 4077 1304 4164 cujus
1326 4069 1398 4166 typi
1438 4093 1501 4166 per
1515 4066 1692 4152 essentiam,
1709 4072 1758 4145 vel
1781 4095 1840 4167 per
1870 4070 2101 4162 inhaerentiam,
2119 4078 2170 4151 vel
2200 4089 2320 4155 ratione

516 4169 552 4246 in
568 4198 631 4247 vet.
647 4172 770 4244 testam.
791 4168 1035 4268 praecesserunt‚
1062 4195 1099 4241 ut
1118 4167 1195 4240 altbi
1208 4169 1269 4240 late
1286 4169 1398 4241 docui·
1439 4173 1569 4242 unionis
1585 4170 1747 4262 cujusdam
1762 4178 1790 4242 ei
1807 4174 1983 4249 convenit,
2010 4197 2160 4269 quartum
2178 4207 2252 4256 non
2270 4181 2321 4254 da·

516 4274 624 4365 inus.)
637 4278 733 4345 Sacra
746 4295 836 4343 coena
849 4269 895 4342 eli
910 4266 1149 4340 sacramentum
1163 4293 1239 4340 nov.
1252 4267 1321 4342 teil.
1337 4268 1401 4337 iit·-
1439 4291 1515 4348 tur,
1542 4269 1633 4367 quod
1653 4272 1738 4340 enim
1752 4275 1793 4341 de
1805 4265 1872 4341 sola
1888 4279 2129 4365 permutatione
2148 4286 2318 4354 nominum

542 4399 564 4444 o
579 4397 648 4445 non
670 4369 767 4444 habet
788 4369 929 4469 figuram
949 4365 998 4440 vel
1014 4370 1077 4436 irna
1116 4394 1195 4439 nem
1206 4364 1407 4439 futurorum
1438 4367 1683 4441 abaduersariis
1699 4366 1867 4447 adfertur,
1893 4373 1926 4435 in
1946 4373 2236 4490 predicationibus
2253 4379 2318 4454 rea·

516 4396 705 4550 sonorum,
730 4469 845 4551 idest,
866 4469 1014 4564 corporis
1034 4393 1395 4564 &EnguinisChristi0
1439 4467 1520 4539 libus
1546 4493 1613 4539 non
1636 4468 1733 4539 habet
1750 4468 1869 4543 locum.
1923 4474 2020 4565 Atqui
2039 4475 2073 4540 in
2094 4475 2206 4551 verbis
2224 4477 2315 4557 Chri·

435 4561 443 4577 ²
516 4566 686 4668 sed'ipsam
705 4572 855 4667 corporis
878 4569 1086 4665 &sanguinis
1107 4568 1229 4646 Christi
1253 4560 1401 4636 substan·
1438 4565 1501 4639 sii:
1527 4570 1753 4663 Horpocttium
1770 4569 1812 4655 eii
1827 4591 1900 4643 nott.
1919 4568 1983 4664 iest-
2004 4574 2121 4644 ittmeo
2132 4577 2318 4679 stanguiee,

514 4673 607 4750 tiam.
658 4666 714 4761 5.)
741 4669 886 4743 Calicem
909 4664 1160 4739 eucharisticum
1183 4684 1277 4752 vocat
1302 4666 1398 4736 Chri·
1440 4671 1604 4764 quodpro·
1620 4670 1706 4738 vobit
1726 4668 1928 4765 effeminet,
1956 4672 2112 4743 tribuitur*
2124 4680 2246 4772 poculo
2260 4676 2318 4748 tale

515 4766 582 4841 llus
623 4791 743 4839 novum
787 4766 1037 4864 testamentum,
1077 4768 1155 4837 Luc.
1184 4765 1305 4842 XXII·
1341 4787 1401 4831 20.
1441 4767 1547 4865 quid,
1574 4767 1664 4863 quod
1686 4794 1754 4838 non
1774 4774 1924 4841 convenit
1948 4768 1979 4837 ei
1999 4773 2032 4839 in
2050 4767 2132 4842 seac
2152 4773 2257 4873 perse
2273 4800 2317 4847 rt·

522 4864 714 4943 tCor.Xl.
736 4889 793 4947 ις.
809 4870 964 4937 nimirum
977 4871 1064 4958 juxta
1080 4864 1396 4961 explicationemim-
1441 4872 1529 4938 tione
1542 4863 1678 4938 eslcntiae
1690 4866 1740 4938 vel
1761 4867 1962 4939 inhaerentiae.
2015 4874 2106 4967 Ergo
2128 4880 2320 4974 exprimitur

465 4975 467 4980 '
515 4963 654 5040 mediate
679 4961 855 5058 subjedlam
875 4966 910 5037 itt
921 4964 1164 5065 saofitngttitte
1182 4959 1244 5036 stae
1261 4986 1403 5063 propter
1441 4966 1523 5036 unio
1537 4970 1620 5037 inter
1638 4966 1792 5061 poculum
1808 4975 1842 5039 δι
1857 4966 1964 5048 illud,
1991 4975 2078 5060 cujus
2093 4976 2319 5072 propriumest

352 5116 354 5124 .
444 5145 448 5149 ,
514 5059 658 5144 suumsa
727 5070 840 5145 inem,
867 5064 1008 5152 huetii,
1033 5065 1110 5159 quia
1134 5088 1202 5133 non
1224 5064 1326 5136 solum
1348 5065 1395 5131 vi·
1442 5060 1565 5137 effundi
1582 5091 1643 5162 pro
1675 5064 1787 5145 nobis,
1813 5062 1846 5136 id
1866 5068 1932 5146 est,
1974 5066 2093 5142 Christi
2118 5067 2320 5172 sanguinem.

515 5162 666 5251 numi
713 5167 811 5241 etiam
824 5162 944 5238 Christi
963 5160 1089 5262 sangub
1101 5185 1176 5237 vere
1199 5160 1398 5270 presens-cx
1440 5165 1623 5241 Errantem
1641 5160 2046 5244 issamiostcrtmenalts,
2093 5168 2324 5347 brevitenpg

1177 5300 1184 5320 s«
2201 5298 2288 5374 μω
2324 5321 2327 5326 .
