5375 6209
457 576 533 650 ³241
647 601 657 666 3
1084 550 1214 659 root
1238 549 1364 628 xxrr.
1396 548 1503 630 ott.
1527 547 1652 643 rvr-r.

462 725 568 809 linurin
593 739 627 807 ᾱ
647 727 870 803 eucharistiam
892 719 1105 803 bellaiminus
1128 730 1199 802 libr.
1216 730 1274 801 IV.
1298 728 1339 803 de
1377 725 1531 809 sumere,
1557 755 1597 802 ex
1610 699 1678 899 puo
1694 729 1902 830 intelligitur,
1921 715 2171 830 'percullodiaor
2183 743 2236 816 no'n

332 907 337 914 ,
735 832 862 903 eochar.
878 835 949 927 cap.
969 850 999 902 3.
1014 828 1219 900 introducere
1240 852 1340 898 cona·
1377 826 1508 924 intelligi
1523 827 1610 902 rcclu
1626 855 1735 903 tonent
1750 833 1783 901 in
1793 834 1859 903 dies
1867 831 2009 927 aliquot,
2025 829 2081 907 sed
2095 833 2237 936 fragmen.

372 945 379 960 “
485 933 532 1009 72)
547 930 658 1025 Pugnae
728 931 919 1026 -tur,poliea
931 930 1118 999 excutietur.
1131 927 1224 1020 Vll.)
1234 925 1338 1027 Qod
1377 946 1487 998 torutn
1515 927 1703 1001 relittorunr
1734 955 1809 1000 curn
1838 933 2017 1003 reverentia
2048 938 2237 1026 conflandam

409 1024 417 1047 ⁴
465 1029 611 1090 “mm''
627 1026 683 1074 ω’·
735 1044 893 1124 repugnet
918 1028 1002 1122 typis
1033 1045 1095 1097 vet.
1123 1023 1200 1095 tell.
1232 1024 1337 1094 Exod.
1375 1024 1647 1099 coosumriooeut.
1698 1026 1870 1127 Qudquid
1889 1029 2021 1102 uerosrt
2045 1032 2088 1106 de
2106 1034 2238 1109 boch·

541 1088 602 1169 ’ψ’
733 1124 817 1203 ΧΠ.
839 1150 892 1197 ιο.
917 1124 958 1196 de
972 1147 1058 1221 agno
1071 1121 1206 1219 paschali
1218 1122 1336 1196 eucha-
1374 1128 1494 1195 mentis
1514 1123 1721 1207 tellintortio,
1748 1152 1815 1198 non
1839 1126 1979 1198 ntultutn
2006 1134 2037 1201 ei
2065 1132 2238 1214 tribuimus.

720 1224 828 1320 uillis:
842 1242 921 1322 typo
942 1221 983 1293 lic
997 1227 1138 1321 precipit
1159 1225 1334 1294 Dominus.
1375 1245 1449 1293 cum
1475 1222 1588 1319 scripta
1608 1231 1673 1317 ejus
1691 1223 1749 1295 sint
1766 1221 1988 1323 supposttitia,
2015 1229 2094 1301 telle
2113 1228 2238 1306 Eusebio

461 1339 541 1413 Non
553 1328 735 1429 relinquetis
753 1350 794 1395 ex
811 1348 847 1395 eo
866 1348 965 1419 usque
985 1348 1098 1402 marre,
1124 1321 1171 1397 85
1192 1320 1333 1393 reliiitsnr
1373 1318 1445 1393 libr.
1461 1323 1519 1396 lll.
1536 1325 1605 1396 bist.
1623 1319 1734 1397 eccles.
1755 1349 1823 1420 cap.
1838 1346 1894 1404 ες.
1912 1351 2054 1423 cumque
2068 1328 2139 1400 libr.
2162 1332 2237 1405 Vlll.

339 1431 343 1438 ’
462 1465 502 1511 ex
527 1451 560 1506 ro
588 1452 688 1528 usqne
715 1447 807 1494 mene
834 1426 967 1521 irrigare
996 1425 1197 1494 comburetis.
1224 1419 1331 1494 Eriod.
1375 1417 1650 1519 const.cap.13.
1686 1422 1726 1495 al.
1754 1447 1810 1495 20.
1846 1422 1936 1494 idern
1965 1424 2124 1499 Clemens
2146 1427 2241 1521 jubeat

446 1534 559 1615 :XVL
580 1557 591 1596 t
601 1555 633 1611 9.
648 1522 866 1600 interdicitur,
896 1547 935 1592 ree
949 1525 1026 1618 quid
1042 1547 1081 1593 erc
1097 1546 1221 1592 morena
1235 1542 1333 1615 usque
1365 1519 1503 1613 peruiis
1521 1525 1759 1602 communione,
1783 1522 2171 1622 quodsupereslrorporir
2180 1530 2239 1600 Dc·

362 1707 367 1712 .
460 1642 504 1710 ad
517 1638 600 1705 diesis
620 1630 756 1702 alterum
778 1621 967 1717 reservetur.
991 1622 1015 1709 (
1020 1627 1085 1713 jam
1106 1644 1183 1691 vero
1211 1619 1333 1690 conllat
1372 1622 1488 1692 mirsia
1505 1625 1647 1697 diaconis
1661 1626 1695 1693 in
1704 1620 1949 1719 pastophorium
1965 1625 2112 1720 inserri,
2138 1624 2174 1697 id
2192 1625 2242 1700 nifi

313 1737 316 1744 ’
458 1738 583 1809 arium
603 1721 965 1828 paschalem&tnanna
987 1714 1080 1812 fuille
1105 1742 1197 1816 typos
1218 1718 1333 1790 eucha-
1374 1714 1415 1790 de
1427 1717 1643 1800 oblationibus
1659 1721 1773 1819 populi
1792 1718 1923 1793 rcfiduis
1938 1721 2162 1824 intelligatur,
2175 1750 2243 1800 curn

449 1830 579 1921 utilior)
604 1829 704 1898 Levir.
718 1818 799 1899 VII.
822 1817 1331 1914 15.Corosacrificir‘consesiorris
1373 1819 1483 1913 priore
1510 1818 1644 1892 decreto
1666 1838 1798 1918 pugnat.
1860 1820 1976 1911 Pallo-

448 1930 700 2033 pacificatorem
722 1925 790 2022 esus
805 1922 839 1991 iss
852 1922 1081 2014 dieloblntiorris
1095 1922 1164 2017 ejus
1187 1922 1329 1987 comeda·
1366 1917 1485 2010 pboria
1516 1912 1587 1990 sunt
1615 1916 1752 1992 Ruffino
1772 1918 1846 1994 libr.
1864 1921 1906 1994 Il.
1930 1921 1979 1988 hi·
2047 1922 2222 2004 receptare

459 2047 538 2120 titr,
563 2053 629 2102 nort
644 2024 782 2095 dimittet
795 2044 834 2091 rx
852 2009 999 2114 eo⁴ttsqree
1012 2042 1114 2088 marre.
1164 2015 1326 2110 (infacta
1371 2013 1654 2116 llot.ccclel.cap.
1679 2013 1977 2115 23.indcscripti0.
2069 2024 2201 2066 mmm.

458 2156 551 2206 crena
564 2126 735 2222 accipimus
754 2141 866 2206 vetum
881 2119 998 2187 Christi
1012 2139 1165 2212 corpus,
1191 2114 1280 2212 quod
1292 2117 1325 2184 in
1371 2138 1413 2185 ne
1439 2116 1551 2213 templi
1576 2114 1736 2213 Serapidis
1764 2123 1902 2202 donea-s,
1941 2119 1977 2186 iri
2081 2133 2084 2140 '

455 2215 511 2305 ara*
524 2230 624 2302 crucis
639 2245 702 2318 pro
719 2215 856 2316 peccatis
866 2215 982 2286 nolitis
997 2213 1164 2292 oblatum,
1191 2210 1327 2310 proinde
1370 2213 1524 2310 r'xeelsrsnr
1535 2218 1725 2308 porrrbiae.
1754 2212 1913 2312 inquibus
1930 2213 1979 2286 vel
2005 2213 2131 2298 aeditui,
2144 2218 2241 2299 uelbi

454 2334 546 2430 panis
563 2318 782 2399 consecratus,
807 2318 859 2388 cui
877 2319 910 2384 in
925 2312 979 2384 uso
1002 2308 1221 2384 sacramentali
1243 2336 1324 2383 cor·
1371 2338 1452 2409 quos
1472 2310 1675 2410 &privernas
1695 2312 1924 2406 adpellabant,
1946 2312 2019 2385 boc
2047 2315 2095 2387 est
2109 2365 2124 2396 ,
2150 2313 2235 2414 quiie

456 2454 515 2527 pus
531 2417 650 2499 ChtiIli
667 2417 791 2487 unitum
807 2414 875 2492 est,
900 2435 1100 2511 nequaquam
1121 2410 1328 2508 reponendus
1369 2410 1566 2491 castificant,
1592 2436 1802 2486 cotnmanete
1823 2406 1908 2483 soliti
1928 2436 2031 2508 erant.
2091 2418 2239 2512 Hieron),

454 2511 509 2607 vel
526 2512 772 2606 recludendus.)
1369 2535 1429 2581 mo
1446 2512 1483 2596 in
1504 2537 1575 2612 cap.
1591 2515 1690 2583 XXII.
1708 2506 1827 2602 Esaiae,
1852 2509 1920 2580 lunt
1935 2511 2115 2598 thalamus,
2128 2519 2161 2586 in
2182 2542 2232 2612 qur

1030 2681 1035 2686 ,
1312 2663 1316 2670 .
1367 2608 1684 2708 babitatprsrpolitus
1700 2608 1833 2706 templi,
1857 2607 1935 2681 inde
1948 2610 2090 2706 Apulcjo
2105 2618 2137 2686 in
2152 2640 2232 2690 meta·

771 2712 998 2816 §.CXCIII
1029 2713 1265 2814 Reptrstiorrem
1291 2715 1326 2780 bc
1368 2710 1499 2805 morpln
1515 2713 1569 2781 XI.
1582 2712 1654 2806 libr.
1669 2703 1854 2805 ptrslopbori
1875 2707 1965 2780 dicti.
2019 2716 2063 2780 Ar
2087 2720 2160 2807 quis
2176 2739 2235 2786 ert·

453 2826 672 2889 mosomum
719 2817 971 2911 observationem
989 2808 1179 2884 sacramenti
1198 2813 1326 2906 nequi·
1366 2807 1447 2887 dat,
1472 2810 1681 2898 christianos,
1699 2811 1867 2905 perpetuis
1890 2810 2163 2903 persecutionibus
2177 2833 2229 2885 tunt
2269 2891 2271 2896 ,

453 2919 549 3000 ΦΨ*
577 2895 673 2981 '‘P‘fi·
721 2914 800 2986 dettr
825 2913 896 3009 post
926 2908 1146 3006 apollolornnr
1174 2925 1322 3003 tempora
1364 2911 1522 3001 temporis
1535 2908 1718 2984 obnoxios,
1744 2906 1785 2978 dc
1801 2904 1966 2978 struuuris
1990 2914 2151 2999 ejusmodi
2171 2936 2233 2985 ture

505 3004 618 3047 ΝΜ·
721 3009 812 3085 fuiffc
831 3009 980 3083 universae
999 3006 1137 3080 ecclesias
1156 3003 1323 3078 coniuctu-
1363 2998 1538 3100 cogitasse?
1564 3004 1774 3077 bellarminus
1788 3028 1901 3101 argute
1913 3006 1988 3076 libr.
1998 3005 2229 3084 IV.desactm

353 3195 358 3204 ⁸
721 3111 858 3189 dinem,
884 3110 1086 3182 Chetnnitius
1096 3108 1209 3205 probat
1220 3102 1329 3184 addu,
1364 3104 1576 3204 euchencap.
1596 3130 1632 3194 4.
1651 3103 1793 3199 Apostoli
1808 3128 1866 3176 vas
1882 3107 1981 3183 illud,
2009 3110 2045 3177 irs
2059 3110 2228 3205 pensares·

358 3207 361 3212 ¹
448 3221 507 3294 rrts
521 3218 643 3316 aliquot
652 3235 796 3286 veterum
806 3207 919 3280 dioie..
958 3206 1331 3304 Cap-tribssgrodibrrr.-
1363 3206 1717 3300 inertumodsernottem
1734 3208 1988 3283 recondebatur,
2010 3211 2228 3301 pnslopltorr'us

447 3318 519 3391 dist.
535 3341 566 3387 2.
581 3317 623 3387 de
636 3313 778 3384 consecr.
796 3313 908 3380 citatur
923 3303 1049 3379 clidium
1063 3304 1240 3376 Clctnentis
1253 3305 1320 3398 epi·
1361 3305 1540 3387 dixerunt,
1565 3307 1651 3400 qaod
1663 3310 1696 3375 in
1712 3330 1745 3374 eo
1763 3304 1971 3396 sacramento
1997 3330 2072 3377 uere
2102 3307 2228 3405 Cbrr'srs

445 3413 535 3514 scopi
549 3415 691 3485 Rotnani
713 3411 803 3507 epist.
826 3411 867 3477 11.
901 3407 1012 3475 Torta
1039 3405 1208 3474 irr'altario
1237 3412 1319 3471 terte
1350 3402 1419 3499 st,
1446 3403 1549 3500 quiesi
1564 3429 1657 3474 verus
1670 3406 1778 3497 terrrpli
1791 3405 2000 3499 praepostus.
2051 3410 2229 3504 Atquiapo.

446 3513 624 3611 boloruttsla
656 3512 856 3609 iffernntur,
891 3519 1013 3600 quartu
1036 3506 1156 3596 populo
1177 3500 1320 3595 sufficere
1362 3500 1447 3571 llolis
1464 3505 1574 3597 ignota
1592 3498 1654 3570 fuit
1671 3502 1857 3583 sacramenti
1871 3501 2028 3588 reclusio,
2054 3505 2227 3600 qutrabln.

445 3620 598 3690 debeant,
630 3611 740 3709 quotis
772 3604 999 3696 retrrarrfirr'rrt,
1029 3628 1094 3672 rrotr
1118 3602 1318 3691 reserventur
1361 3605 1514 3672 nocentio
1532 3605 1591 3675 Ill.
1613 3605 1828 3671 circaannutn
1846 3599 1966 3671 Clrrilli
1988 3626 2077 3683 ηις
2107 3605 2227 3678 demum

444 3720 479 3787 its
495 3714 688 3807 crastinum,
703 3709 764 3801 scd
783 3730 854 3775 cerm
872 3708 983 3772 timore
1004 3701 1051 3774 df
1072 3701 1320 3770 tremorecleri·
1359 3698 1555 3771 introdudia.
1610 3703 1657 3771 Ex
1673 3700 1803 3770 historia
1822 3700 2004 3793 Serapionis
2029 3702 2116 3797 apud
2141 3701 2234 3775 Eos·-

440 3804 991 3906 eorumdiligrntincorrsrsmterrttrr.
1042 3798 1316 3870 bellarminuscx·
1362 3801 1449 3869 bium
1468 3799 1537 3869 libr.
1560 3800 1614 3867 VI.
1643 3825 1710 3895 cap.
1736 3820 1794 3876 43.
1824 3796 1976 3894 adparet,
2005 3797 2226 3875 sacerdotesin

357 3923 362 3933 '
442 3915 548 4007 cipit,
572 3910 629 3986 ltoc
657 3906 892 4001 intelligendum
919 3897 974 3995 effe
1004 3902 1139 3992 erceptir
1162 3899 1327 3990 portibus·
1357 3892 1420 3967 luis
1434 3895 1555 3969 aedibus
1570 3891 1677 3967 sccuttr
1691 3895 1832 3967 babuille
1847 3897 2090 3971 euclrnrilliarn.
2140 3901 2226 4002 Apud

441 4013 524 4086 illis.
549 3999 821 4104 queeseruondoe
843 4012 937 4070 erant
949 4024 1013 4092 pro
1033 4001 1245 4068 toretmuniorre
1261 4001 1314 4067 irt-
1358 3991 1626 4087 Chrylollotnutn
1642 3997 1732 4091 epill.
1750 3999 1775 4070 Ι.
1791 3997 1831 4066 ad
1855 3997 1967 4067 innoc.
1989 3997 2109 4071 uelites
2133 4005 2226 4101 ingre.

432 4109 631 4207 firmorum,
656 4128 728 4173 cerm
752 4105 864 4171 ibidem
884 4097 1076 4194 presbyter,
1102 4095 1313 4170 diaconus&
1358 4092 1489 4166 diuntur
1511 4094 1588 4166 illud
1605 4094 1842 4175 budinarium,
1870 4096 1905 4164 in
1921 4121 1988 4192 quo
2018 4092 2146 4178 languis
2167 4109 2226 4173 llo·

440 4205 580 4303 minister
604 4228 674 4275 eum
695 4206 808 4272 timore
831 4199 877 4272 Εἴ
898 4211 1035 4267 tremore
1070 4198 1222 4291 reliquias
1233 4196 1320 4290 frn-
1357 4195 1439 4264 mini
1454 4189 1687 4265 adservabatut.
1741 4198 1828 4291 Ergo
1843 4217 1899 4289 per
1914 4175 2151 4290 pnflopltoiiorr
2169 4227 2224 4271 non

434 4320 642 4409 germiorum
662 4305 803 4396 corporis
821 4299 986 4369 Dominiei
1009 4295 1161 4387 custodire
1174 4297 1310 4392 jubeari-
1356 4293 1462 4389 potest
1474 4315 1534 4378 pec
1551 4292 1645 4362 debet
1665 4292 1797 4388 intelligi
1812 4297 1994 4370 ciborium,
2022 4299 2141 4394 inquo
2160 4295 2224 4371 setis

436 4420 511 4491 tter,
537 4431 576 4477 rre
595 4428 659 4498 qua
669 4404 809 4497 putredo
824 4396 1016 4490 irascereris
1040 4398 1249 4472 inueniatur,
1270 4419 1310 4463 rre
1355 4388 1549 4464 &clavibus
1571 4391 1722 4464 adhibitis
1741 4385 1798 4462 sub
1821 4390 1964 4484 custodia
1992 4388 2223 4469 sacramentum

412 4489 510 4580 'cum
527 4506 725 4602 negligenter
745 4502 879 4596 agitur,
899 4496 1045 4587 portioni
1069 4496 1210 4584 eorporis
1238 4493 1314 4562 Do.
1353 4484 1579 4569 conservatur,
1610 4486 1663 4560 secl
1686 4492 1736 4563 vel
1755 4495 1884 4586 priuatae
1910 4496 2002 4562 arder
2011 4493 2221 4582 secerdotum,

433 4608 515 4679 mirri
536 4606 652 4702 gravis
676 4599 840 4695 inseratur
870 4595 1003 4684 injuria.
1055 4587 1152 4686 Rpr.
1175 4591 1217 4661 de
1235 4616 1320 4686 par--
1353 4589 1402 4659 vel
1424 4591 1726 4686 templiserrarirrm
1750 4591 1844 4682 (up
1884 4591 2073 4686 Origenes,
2103 4595 2221 4687 vele·

433 4704 518 4777 tibus
534 4725 595 4796 pro
609 4698 843 4769 communione
858 4680 1063 4763 infirmorum
1073 4687 1229 4759 servandis
1238 4687 1319 4758 nul-⁴
1352 4684 1439 4759 tillus
1453 4693 1485 4759 in
1500 4689 1577 4762 Lev.
1593 4714 1662 4786 cap.
1680 4693 1751 4759 VII.
1767 4690 1857 4757 horn.
1875 4694 1914 4759 V.
1937 4691 2030 4759 Nam
2051 4691 2099 4766 85
2115 4696 2226 4766 Domi,

361 4865 365 4870 .
433 4801 462 4874 la
475 4799 562 4870 ibiflt
574 4800 716 4874 mentio,
742 4793 793 4865 sed
809 4791 918 4864 clerici
931 4787 1081 4881 jubentur
1095 4786 1220 4859 rcfidua
1234 4812 1319 4857 cor·-
1352 4811 1562 4880 purpuram,
1587 4813 1678 4880 quem
1706 4788 1863 4881 discipulis
1885 4791 2011 4873 dabar,
2039 4788 2087 4862 &²
2109 4798 2220 4865 dicebat

432 4902 522 4998 poris
534 4896 691 4975 Domini,
717 4894 832 4991 quaein
850 4884 987 4962 sacra'rio
1007 4884 1115 4959 relidia
1129 4884 1211 4964 sunt,
1225 4912 1311 4959 con·
1351 4888 1423 4960 cist.
1438 4889 1574 4983 accipite
1591 4895 1626 4959 bc
1640 4884 1848 4966 manducate,
1874 4909 1939 4957 rsott
1961 4888 2083 4982 distulit
2095 4918 2149 4965 rtet
2156 4894 2219 4990 ser·

880 5029 883 5036 ·
2157 5016 2218 5064 tarr

410 5226 413 5240 .
469 5174 549 5263 ω)
560 5168 743 5236 eonferenda
775 5168 841 5230 heIc
882 5154 969 5237 sunt,
1007 5184 1071 5247 quae
1100 5164 1299 5260 lose-ru.
1358 5147 1360 5156 Ι
1447 5139 1578 5242 eeilefiesi.
1595 5162 1648 5227 vol.
1663 5160 1720 5222 111.
1746 5164 1811 5225 libr.
1837 5161 1921 5226 Vm.
1937 5180 1994 5245 cap.
2012 5163 2086 5230 VH.
2112 5190 2141 5255 p„
2165 5177 2214 5247 20,

531 5257 762 5323 Bistonum
774 5267 788 5317 s
802 5248 1003 5332 inrorigim'bar
1011 5245 1072 5328 sue
1083 5244 1306 5329 assequeretur.
1442 5243 1520 5323 seqq,
1537 5244 1574 5308 de
1587 5242 1767 5329 pestepbotir's
1778 5244 1955 5312 adnotatio·
