5375 6209
445 528 527 656 Ι’πο
639 549 647 560 ·
738 601 740 610 ·
1005 526 1144 651 noct
1170 549 1293 644 xxti.
1316 547 1428 631 cte.
1452 543 1597 620 xvtrr.
1645 605 1655 620 .

450 746 522 803 tum
541 724 734 804 temitlionis
757 724 965 825 peccatorum
984 724 1176 803 transfertur
1196 728 1332 802 in'celc·
1373 732 1419 800 ad
1446 723 1678 821 inspeiiionrm,
1699 723 1825 816 quidem
1852 721 1924 823 ejas
1942 717 2177 799 admitterent,
2191 717 2242 816 's

450 826 600 901 bratione
628 830 722 918 hujus
760 824 831 899 felli
860 828 902 899 ad
929 830 1093 900 aaronem
1122 856 1140 901 a
1166 834 1241 906 Deo
1271 854 1332 898 nec
1362 826 1496 917 fideles,
1528 849 1606 918 qrtos
1631 819 1748 915 Christi
1770 827 1910 892 membra
1936 820 1987 895 &⁸
2008 823 2103 891 tanti
2124 818 2246 916 mpllttii

451 927 637 1000 mandatam
655 951 714 996 nec
733 924 959 1024 prescriptam.
1008 924 1161 1000 Pontifex
1189 951 1331 1025 namque
1368 925 1618 1021 participatione
1646 923 1760 1016 dignos
1783 915 1841 1016 msc
1863 917 2098 1008 existimarent.
2146 919 2247 1013 Quae

453 1027 488 1098 in
502 1022 583 1098 bulla
601 1022 737 1122 praelatis
748 1024 956 1096 ecclesiarum
970 1027 1003 1096 in
1017 1023 1236 1099 remislionem
1256 1050 1331 1121 pec·
1374 1035 1450 1095 ante
1482 1020 1743 1116 consecrationem
1771 1019 2005 1103 catechumeni,
2027 1019 2250 1113 energumeni,

453 1125 593 1197 cantium
611 1119 643 1193 se
663 1127 832 1219 injungere
853 1120 992 1200 adserit,
1020 1142 1054 1194 ut
1085 1143 1148 1197 tarn
1175 1120 1331 1198 excelsum
1367 1123 1578 1218 penitentes,
1603 1120 1732 1212 denique
1749 1142 1813 1189 non
1838 1120 2111 1188 communicantes
2135 1118 2252 1185 diamai

321 1285 327 1290 .
453 1227 569 1299 &tarn
597 1216 776 1320 gloriosum
802 1217 919 1292 sellum
943 1220 1075 1318 singulis
1097 1226 1187 1296 annis
1211 1221 1331 1293 devote
1375 1244 1447 1294 vore
1482 1218 1529 1293 sd
1568 1212 1772 1314 ostimior'um
1805 1216 1977 1311 ministerio
1994 1214 2254 1309 secludcbnntnr·

348 1395 351 1402 -
453 1345 493 1390 ac
518 1314 691 1392 solenniter
713 1319 901 1393 celebretur.
949 1322 986 1391 ld
1013 1323 1181 1410 Pometios
1210 1326 1242 1391 in
1270 1316 1330 1390 suis
1376 1321 1489 1418 Quart
1524 1321 1650 1387 uidetur
1670 1314 1717 1385 leit
1746 1315 2056 1412 circumgestationit
2078 1312 2158 1407 usur
2179 1316 2254 1384 citra

324 1458 326 1462 ·
411 1479 413 1483 s
453 1413 654 1491 sermonibus
673 1412 876 1513 licexplicat.
927 1419 1068 1512 Quando
1091 1422 1196 1491 homo
1211 1419 1333 1490 contri·
1370 1441 1476 1517 graoc
1491 1416 1629 1510 erclcfiat
1644 1417 1819 1494 damnum,
1842 1417 1907 1487 imo
1929 1438 2004 1484 cum
2031 1412 2134 1511 ipfiur
2156 1412 2255 1498 tneo,

453 1535 503 1588 tus
518 1520 549 1588 in
564 1515 620 1586 illo
634 1509 716 1587 fello
737 1513 865 1588 interell
880 1508 978 1587 misse
1004 1524 1036 1587 ἀ
1056 1519 1271 1610 proceffioni,
1297 1521 1332 1589 bt
1365 1519 1504 1619 simodo
1519 1516 1639 1610 (NB.)
1663 1516 1697 1581 id
1720 1519 1899 1606 prudenter
1910 1511 2001 1605 fiat,
2028 1516 2141 1581 omitti
2156 1508 2254 1607 polle,

455 1614 583 1689 exhibet
606 1610 772 1687 solennem
805 1618 1013 1687 reverentiam
1041 1612 1238 1688 sacramento
1267 1619 1330 1685 cir·
1376 1612 1509 1692 cum&
1527 1613 1687 1708 terensflt
1707 1611 1755 1685 ἔθ’
1771 1616 1826 1681 diu
1836 1614 1909 1710 flate
1929 1637 1969 1681 ea
1990 1614 2118 1681 circum
2142 1611 2256 1702 mlada·

356 1734 359 1740 ·
456 1710 681 1804 comgellum,
698 1732 780 1796 tune
796 1710 852 1807 illo
868 1712 955 1783 cultu
972 1722 1007 1786 &
1019 1739 1118 1811 opere
1140 1718 1285 1787 meretur
1297 1719 1331 1785 δι
1375 1708 1414 1786 icc
1424 1712 1631 1808 firmameento
1647 1708 1733 1805 *suut
1756 1709 1866 1781 bonos.
1881 1705 2086 1802 constiterit,
2110 1637 2161 1785 sd
2178 1711 2257 1780 indie

457 1805 668 1906 consequitur
696 1810 832 1906 plurima
857 1813 967 1897 bona;
989 1807 1110 1883 scilicet
1138 1814 1334 1907 acceptatio·
1376 1812 1519 1908 conflare
1537 1809 1642 1906 pofflt.
1705 1810 1832 1879 Deinde
1854 1834 1923 1879 cum
1953 1810 2048 1880 lodie
2074 1805 2258 1904 plerummi

304 1919 315 1960 ‘=
457 1933 532 1981 nem
548 1911 632 1988 Dei,
658 1909 941 1987 benedictionem,
958 1907 1203 1984 conversionem
1220 1933 1238 1976 a
1256 1934 1330 2003 pec·
1377 1935 1443 1982 non
1455 1911 1613 1982 deuotioni
1637 1909 1769 1999 populi,
1785 1908 1848 2002 fid
1864 1932 2007 2003 pompae
2029 1912 2143 2007 magis
2169 1905 2216 1981 U
2227 1930 2258 1976 a·

367 2009 374 2028 ‘
456 2031 554 2095 cato,
578 2002 801 2080 defensionem
816 2007 856 2075 ab
877 2006 1029 2077 omnibus
1045 2007 1193 2104 periculis
1210 2011 1244 2077 dt
1265 2030 1334 2074 rna·
1367 2008 1559 2103 stratationi
1569 2003 1723 2098 seruiat,
1747 2010 1856 2100 itaque
1874 2006 2065 2099 virsumnri
2074 2003 2193 2104 judicii
2206 2003 2258 2080 A·

457 2104 495 2178 lis
517 2156 530 2185 ,
556 2099 842 2186 frudiificerionent
872 2107 1066 2196 meritorum
1095 2112 1129 2181 dc
1154 2102 1334 2177 exauditio·
1375 2110 1485 2180 bertus
1503 2106 1670 2176 Cranzius
1685 2104 1795 2198 infun
1817 2107 1982 2198 metrapoli
2003 2108 2185 2177 Nicolaum
2200 2107 2258 2184 C!-

329 2221 332 2225 ⁴
458 2229 554 2287 nem,
577 2204 667 2299 quod
685 2223 760 2277 tunc
778 2204 1060 2294 magiscxattditur
1080 2209 1208 2283 oratio,
1234 2227 1337 2298 quan·
1367 2205 1491 2301 sanum
1520 2204 1662 2298 legatum
1691 2226 1750 2293 per
1782 2202 1999 2273 Germaniam
2034 2207 2159 2276 laudat
2177 2203 2258 2302 ,pi

327 2369 330 2380 ,
459 2302 504 2377 do
518 2296 755 2387 sacramentum
776 2295 909 2396 presens
938 2304 1222 2400 circumgestatur,
1247 2324 1282 2370 ut
1303 2305 1336 2369 in
1378 2303 1514 2384 abufrcm
1519 2302 1720 2395 sacramenti
1736 2302 1945 2399 eucharistiae
1958 2306 1993 2373 in
2003 2295 2107 2374 nimir
2114 2306 2258 2402 sreqm·

328 2415 330 2419 ’
458 2397 625 2473 incendiis.
651 2401 692 2469 Er
709 2423 806 2498 quant
825 2397 1055 2493 prepollerum
1074 2401 1138 2482 cll,
1161 2397 1251 2497 quod
1267 2398 1336 2469 Bel·
1379 2405 1406 2473 ti
1431 2404 1501 2502 ejus
1514 2399 1635 2495 perſsn
1660 2400 1839 2493 alarfcrias
1856 2399 2256 2500 circumgestationesttste

359 2520 361 2525 ·
458 2493 612 2568 lutminus
626 2491 763 2593 disputat
778 2494 831 2568 lib.
850 2499 905 2569 IV.
923 2496 965 2570 de
980 2499 1071 2569 euch.
1092 2525 1118 2569 c.
1142 2514 1197 2572 tt.
1222 2501 1337 2568 Sarra·
1378 2504 1468 2584 ierit,
1495 2497 1541 2572 si'
1563 2423 1777 2591 conlsltuerit,
1795 2514 1834 2569 act
1850 2501 1910 2597 nist
1923 2502 2014 2570 inter
2043 2501 2179 2573 oliauat
2192 2493 2257 2596 jesi

460 2610 600 2682 mentum
621 2596 851 2688 enctartsttoe,
876 2600 1007 2692 quando
1021 2600 1125 2697 juxta
1147 2598 1225 2672 Cleri
1252 2600 1264 2665 i
1288 2601 1338 2669 in·
1370 2600 1578 2698 firmamento
1600 2596 1733 2666 dedicati
1745 2601 1781 2666 ia
1795 2600 1959 2692 publicum
1973 2620 2047 2669 non
2071 2601 2255 2697 deferretur·

399 2773 406 2784 ,
450 2695 653 2794 stitutionem
676 2719 755 2792 offa
765 2696 836 2787 fide
857 2698 1036 2785 arripitur,
1061 2700 1279 2767 manducatur
1302 2717 1340 2763 at
1383 2702 1534 2795 additque
1555 2698 1645 2765 'idem
1675 2694 1828 2767 Albertns
1854 2699 2098 2768 memorabilem
2123 2697 2255 2792 caesam,

461 2798 609 2870 bibitur,
646 2819 711 2865 non
738 2796 880 2892 consirre
908 2793 1119 2885 remt'ffionem·
1136 2805 1340 2890 peccatorum
1384 2802 1479 2894 quia,
1501 2796 1622 2888 inquit,
1647 2799 1716 2893 ejus
1732 2795 1927 2883 [sacramenti
1949 2797 2034 2889 ustas
2053 2797 2255 2898 acalcjlime·

337 2903 339 2907 '
460 2896 677 2965 mortalium,
704 2901 788 2964 ‘cum
814 2912 922 2958 tamen
946 2891 1012 2977 hoc
1037 2890 1250 2964 celebrationi·
1269 2889 1341 2963 felli
1381 2893 1658 3089 pistroinflitatus
1675 2892 1718 2988 est
1734 2898 1778 2961 ad
1795 2893 1992 2986 assummum
2012 2895 2256 2989 ostemationem,

466 2990 506 3062 ab
522 2979 710 3062 bominibus
733 2988 919 3084 excogitate
945 2986 1102 3087 tribuant.
1151 2988 1225 3080 tx.)
1251 2986 1341 3060 Cunt
1408 2994 1497 3077 ΝΒ.)
1512 2996 1550 3063 de
1565 2988 1630 3084 ipsit
1645 2990 1943 3087 ucrofeflorertum
1958 2991 2030 3088 est,
2051 2985 2184 3066 ¹illedab
2199 2992 2256 3064 Ut·

456 3087 620 3170 'theatrica
635 3085 892 3183 circumgestatio
909 3092 944 3160 bc
965 3088 1134 3158 ostentatio
1153 3089 1243 3181 panis
1261 3112 1341 3157 con·
1386 3095 1470 3165 beno
1492 3114 1556 3180 non
1577 3092 1619 3156 ad
1630 3089 1964 3185 -circnmgestationcm
1989 3092 2188 3185 institutum,
2198 3087 2257 3182 sed

463 3178 577 3260 secreti
601 3184 788 3257 destituatur
832 3183 986 3255 mandato
1026 3188 1114 3273 Dei,
1157 3184 1233 3257 ideo
1273 3208 1342 3256 non
1392 3195 1434 3262 nd
1443 3190 1638 3260 celebriorem
1649 3201 1860 3263 conuentum,
1885 3188 1936 3263 sd
1943 3201 1983 3258 nt
1992 3187 2254 3285 luminetprrpit·

464 3284 629 3356 immerito
653 3278 830 3356 'confertur
856 3306 933 3354 curn
949 3282 1198 3385 peponesque
1219 3281 1343 3356 Israeli.
1389 3290 1469 3364 eatis
1485 3285 1583 3379 opero
1597 3281 1689 3380 itast
1700 3299 1902 3378 praeparent
1913 3337 1927 3363 ,
1952 3311 2020 3384 quo
2033 3288 2133 3390 bajas
2141 3282 2257 3385 pretias

465 3396 572 3454 tarum
587 3379 691 3453 Exod.
709 3380 864 3459 xxxll.
880 3406 936 3478 per
950 3408 1051 3480 quarn
1064 3408 1141 3454 vero
1156 3387 1229 3453 Deo
1247 3381 1346 3470 lsrae·
1380 3387 1581 3486 sacramenti
1591 3408 1624 3454 eo
1639 3388 1688 3456 die
1702 3388 1880 3483 participer
1884 3384 1969 3480 fieri
1990 3399 2093 3485 atquc
2107 3387 2208 3485 iprsam
2218 3406 2258 3454 rc·

465 3478 525 3567 lie,
550 3484 606 3579 qui
622 3504 661 3552 ex
675 3483 812 3580 AEgypto
833 3504 889 3551 cos
905 3480 1077 3563 eduxerat,
1101 3480 1218 3553 stertire
1233 3480 1345 3552 volue-
1393 3496 1536 3559 verenter
1543 3482 1704 3576 suscipere
1719 3497 1914 3557 mereantur.
1965 3489 2028 3557 Ita
2049 3491 2137 3559 enirn
2161 3485 2257 3557 subtel

466 3596 560 3673 tunt3
588 3576 638 3651 sed
674 3585 725 3649 uia
744 3582 798 3651 hic
814 3576 917 3648 cultus
931 3577 1045 3652 divino
1070 3571 1227 3651 rt'randaro
1251 3602 1346 3653 cate·
1392 3586 1489 3658 uerba
1519 3585 1652 3659 decreti,
1679 3590 1721 3650 od
1741 3593 1825 3678 qaod
1846 3583 2032 3674 institutum
2047 3588 2083 3685 fi
2096 3589 2258 3668 redeatur,

404 3727 412 3742 .
467 3673 545 3754 bat,
568 3604 719 3752 ideoluit
734 3674 1038 3754 idololatria,&ad
1053 3680 1133 3749 iratn
1147 3681 1253 3753 Deum
1268 3701 1347 3777 pto·
1393 3680 1617 3777 nilputosore
1636 3680 1779 3775 absurdi.
1827 3683 1910 3754 Haec
1938 3680 2121 3757 Cassander
2147 3691 2182 3759 bt
2200 3697 2259 3753 vett

468 3779 612 3851 vocavit.
664 3782 747 3847 Item
762 3798 839 3847 cum
855 3771 986 3846 historia
1008 3799 1019 3843 t
1038 3776 1128 3846 Satn.
1151 3781 1205 3850 [V.
1224 3778 1278 3847 ubi
1292 3802 1344 3850 tte·
1392 3790 1427 3855 δι
1452 3775 1638 3855 moderate,
2217 3801 2225 3807 ·

471 3899 546 3948 earn
570 3876 708 3945 Domini
726 3889 839 3969 praetet
860 3873 993 3945 verbum
1025 3881 1061 3949 bc
1084 3874 1273 3947 mandatum
1295 3880 1345 3950 iu·

472 3974 617 4046 tentione
647 3998 715 4044 non
743 3970 829 4041 mala
855 3977 899 4046 δι,
915 3970 1142 4073 consequentia
1167 3973 1346 4049 admodum
1441 3970 1469 4073 ᾗ
1507 3972 1621 4054 CCII,
1647 3970 2000 4051 Concllll'l'rldent.de

473 4068 637 4171 probabili
663 4065 810 4142 israelitae
838 4067 1027 4149 adducunt,
1053 4095 1089 4144 ut
1113 4068 1284 4146 subsidium
1310 4071 1349 4145 stt
1394 4074 1460 4144 hoc
1485 4066 1570 4144 fello
1610 4072 1669 4144 tale
1715 4071 1812 4142 exstat
1831 4072 2001 4145 decretum
2076 4072 2240 4168 ΑΜ

471 4167 964 4265 'aduersusholliumimpctust
988 4165 1043 4242 sed
1059 4173 1133 4241 Deo
1156 4173 1189 4243 id
1215 4176 1349 4248 minime
1397 4166 1465 4249 scil.
1485 4172 1666 4271 XllI.cap.
1691 4193 1720 4250 ς.
1756 4167 2002 4265 Declaratfirn-
2052 4149 2249 4248 Pmlsflfs'

476 4269 614 4368 placuit,
639 4292 675 4340 ac
692 4263 861 4354 maleipbs
878 4264 974 4339 cellit.
1022 4268 1093 4357 X.)
1121 4271 1226 4343 Recte
1252 4273 1350 4370 igitur
1397 4271 1450 4345 cta
1472 4273 1612 4367 synodus
1627 4275 1683 4367 pic
1703 4269 1785 4341 tane
1809 4297 1929 4344 morem
1951 4270 2001 4345 st*
2051 4226 2258 4393 lgm

477 4365 581 4441 scribit
599 4368 719 4460 Georg.
734 4360 909 4437 Cassander
921 4369 936 4461 (
945 4368 1000 4462 qui
1015 4366 1219 4439 Ferdinando
1232 4374 1266 4440 dt
1276 4368 1352 4442 Ma·
1397 4369 1541 4467 religiose
1550 4375 1765 4443 admodumin
1776 4370 1843 4442 Dei
1850 4372 2002 4463 eccleſsom
2126 4398 2207 4454 „m

370 4515 372 4519 -
444 4515 448 4528 ι
477 4464 642 4540 xitniliano
660 4467 699 4535 ll.
716 4466 968 4558 imperatoribus
983 4490 1074 4535 carus
1090 4473 1125 4538 &
1141 4483 1252 4563 gratus·
1268 4466 1350 4557 fuit)
1396 4468 1686 4567 indusiumfuiffc,
1713 4469 1894 4566 utſsngulis
1908 4470 2005 4539 annia

479 4569 513 4638 in
529 4562 700 4656 consultat.
715 4588 785 4657 cap.
801 4564 842 4630 de
858 4561 1089 4660 circumgestat.
1106 4591 1141 4660 p..
1158 4589 1237 4651 ¹74·
1265 4567 1353 4640 Con·
1393 4569 1551 4666 peculiari
1567 4575 1702 4661 quodam
1722 4567 1858 4664 &sesto
1875 4572 1922 4638 die
1933 4570 2139 4665 praecelsum
2160 4559 2258 4638 meti

471 4663 632 4761 suetudo,
658 4685 725 4757 qua
741 4664 840 4754 panis
859 4663 1061 4754 eucharistiae
1073 4666 1108 4732 in
1120 4665 1246 4755 publica
1262 4691 1352 4758 pom·
1399 4669 1573 4738 uenerabile
1582 4665 1997 4765 sacramentumſsngulari
2017 4671 2220 4740 ueneratime
2234 4684 2260 4732 at

364 4757 370 4770 ’
476 4787 527 4860 pa
545 4763 729 4853 conspicuus
754 4764 1000 4852 circumfertur,
1021 4786 1060 4831 ac
1070 4764 1185 4856 paffim
1210 4768 1354 4838 omnium
1391 4767 1588 4863 strlcnnitatc
1602 4765 1837 4842 celebraretur,
1861 4780 1959 4859 utque
1982 4767 2020 4837 in
2041 4765 2262 4863 proccffiorilut

334 4858 336 4861 ⁴
482 4863 641 4935 learninmn
660 4859 756 4929 oculis
773 4864 954 4953 ingeritur,
976 4874 1110 4953 practer
1128 4876 1270 4934 ueterum
1287 4890 1358 4936 mo·
1403 4876 1586 4937 reverenter
1610 4862 1656 4938 sd
1671 4862 1838 4958 bonortficc
1859 4864 1940 4933 illud
1956 4888 2022 4957 prr
2045 4872 2117 4937 viat
2143 4863 2188 4939 69
2211 4865 2263 4934 lott

484 4960 613 5052 remj'ff
631 4973 766 5029 mentem
785 4958 869 5027 baud
885 4962 932 5029 ita
954 4961 1049 5057 longo
1068 4974 1207 5051 tempore
1227 4963 1359 5038 ceramo
1400 4964 1811 5065 publitacircumserretur.
1860 4955 2264 5038 interminationibus

448 5069 457 5078 ”
487 5058 535 5136 td
547 5084 672 5147 recepto
697 5062 803 5126 videta
816 5084 844 5127 ·.
868 5061 914 5127 illi
943 5063 1026 5128 enim
1045 5064 1100 5128 boc
1118 5059 1303 5155 myserium
1327 5066 1362 5134 in
1408 5065 1498 5134 cuch.
1512 5088 1539 5134 c.
1560 5058 1755 5147 solaretur,
1770 5055 1948 5134 Urbanum
1964 5068 2014 5134 tv.
2035 5057 2263 5159 instimttiepri

368 5211 370 5215 -
486 5172 583 5237 tanta
599 5161 749 5257 religione
769 5154 1244 5310 &pomeranensem
1269 5173 1307 5235 ut
1324 5187 1363 5235 nc
1409 5186 1499 5234 mum
1521 5157 1643 5235 festum
1661 5161 1808 5259 corporis
1822 5159 1970 5238 Christi,
1995 5168 2030 5235 &
2059 5160 2221 5237 solennem
2220 5151 2272 5326 ἐξ
