5375 6209
438 527 571 687 ’ξωκ
811 531 814 538 ’
1014 553 1694 678 ,'·aoerxx11.c⁵ar.xv1.
1804 563 1811 574 ·

452 764 560 821 toturn
581 740 816 825 lacrimntem
839 748 942 826 bicin
967 755 1057 828 terris
1079 781 1138 828 ore
1165 762 1230 829 acci
1255 758 1330 828 itur.
1376 753 1467 831 dati.
1500 752 1712 828 ordinationis
1739 776 1776 824 ac
1806 748 2043 850 dispositionis.
2077 757 2166 843 ‘Jaar

452 848 543 944 Ergo
565 850 663 918 etiam
686 867 821 949 utraque
833 876 933 950 pars,
961 878 1030 926 non
1052 872 1179 927 terrena
1200 781 1329 933 solun,
1377 852 1456 925 fides
1471 857 1603 950 proprie
1623 850 1749 949 respicit
1763 853 1898 923 verbum
1923 853 2164 951 promiffiouia

454 945 507 1018 sed
530 950 565 1019 ’ἅ
586 943 729 1017 coeleslis.
777 954 809 1021 si
831 950 1014 1048 paraaltera
1042 949 1233 1029 sacramenti
1264 952 1331 1025 fide
1376 978 1411 1025 ea
1427 954 1651 1048 accipiuntur,
1670 976 1738 1048 quae
1756 954 2009 1049 promittuntur.
2047 960 2097 1025 At
2113 983 2166 1054 qua

454 1041 555 1116 celos
568 1038 756 1117 subvolante
770 1054 965 1147 acciperetur
978 1098 991 1126 .
1017 1054 1154 1123 interris
1171 1078 1239 1126 non
1252 1048 1330 1122 effet
1376 1050 1503 1147 pliciter
1515 1047 1725 1121 adfirmentur
1739 1097 1751 1125 ,
1778 1073 1815 1119 ca
1829 1048 1968 1143 quidem
1987 1051 2166 1128 credenda

453 1143 614 1241 integrum
629 1134 890 1226 sacramentum,
915 1152 985 1219 imo
1006 1147 1101 1245 plane
1113 1148 1237 1222 nullum
1252 1145 1330 1221 effet
1374 1167 1563 1220 nontamen
1581 1146 1647 1219 fide
1666 1151 1864 1245 accipiuntur
1887 1147 1938 1219 vel
1956 1150 2166 1247 adptebeud

348 1230 364 1256 ⁹
433 1311 435 1318 ,
453 1232 720 1323 sacramentum,
744 1248 821 1341 quia
832 1262 959 1317 remota
981 1266 1072 1341 parte
1094 1242 1245 1321 essentiali
1261 1273 1329 1319 non
1372 1247 1425 1318 Sic
1440 1247 1605 1319 Christum
1634 1250 1836 1316 incarnatum
1857 1244 1939 1325 else,
1968 1250 2166 1324 credenduu

454 1336 592 1437 amplius
619 1338 663 1414 est
687 1358 805 1433 totum.
853 1343 938 1434 lv.)
969 1344 1165 1442 Ubicunque
1190 1344 1327 1422 verbum
1372 1341 1503 1416 interim
1523 1366 1632 1417 tamen
1654 1343 1771 1415 Chrilli
1790 1348 1974 1417 incarnatio
1994 1356 2077 1420 non
2100 1376 2166 1450 pen

332 1499 361 1521 „,
385 1510 391 1516 ,
456 1435 573 1511 edendi
589 1438 632 1513 de
649 1465 757 1538 pane,
783 1440 964 1516 &bibendi
982 1439 1113 1516 devino
1126 1444 1264 1538 dicitur,
1288 1444 1326 1517 sr-
1371 1442 1479 1516 noslra
1500 1442 1580 1515 fide:
1606 1448 1648 1513 ita
1667 1468 1798 1540 quoque
1822 1442 1948 1515 Clarilli
1972 1471 2121 1547 corpus,
2137 1479 2166 1526 m

449 1537 620 1638 gnificatio
639 1536 706 1632 ejus*
720 1540 764 1613 est
779 1546 913 1639 propria
935 1548 971 1614 &
994 1547 1120 1623 nativa,
1146 1549 1220 1645 quia
1241 1548 1326 1617 aetio
1370 1565 1444 1615 cato
1459 1541 1628 1617 benedidio
1642 1566 1736 1638 pane,
1755 1547 1826 1613 ver'e
1846 1542 2058 1620 manducari
2075 1550 2166 1624 creda

449 1635 644 1735 predicatur
657 1638 698 1711 de
713 1644 849 1736 proprio
862 1635 921 1711 suo
936 1638 1089 1739 objedio,
1106 1642 1326 1717 ‚manducatio
1371 1641 1440 1718 est.
1469 1645 1595 1714 interim
1612 1664 1719 1711 tameo
1734 1637 1893 1737 praesentia
1910 1650 1950 1716 &
1960 1647 2166 1721 manducati

450 1743 487 1809 dt
515 1735 628 1808 bibitio
646 1737 800 1837 figurate
820 1754 950 1837 accepta
983 1741 1162 1814 nonhabet
1191 1741 1324 1820 locum,
1370 1744 1459 1835 poris
1473 1738 1591 1811 Chrilli
1606 1764 1673 1809 nou
1688 1738 1805 1836 pendet
1818 1764 1859 1809 ex
1878 1740 1951 1814 side
1968 1745 2107 1816 nostra.
2129 1749 2166 1819 ll

449 1833 512 1907 nili
540 1834 629 1907 cibus
653 1844 690 1911 dc
715 1854 807 1935 potus
832 1839 933 1909 etiam
969 1835 1108 1937 figurate
1138 1843 1321 1936 accipietur.
1369 1840 1573 1910 tramentelis
1601 1846 1636 1911 dc
1652 1838 1839 1932 spirituaii
1868 1839 2102 1916 manducatio
2126 1871 2166 1918 oo

448 1933 518 2022 Jam
539 1957 620 2006 vero
640 1939 675 2007 in
691 1936 795 2009 verbis
817 1960 914 2007 coenae
937 1962 1001 2008 vox
1022 1941 1131 2010 edendi
1153 1935 1324 2033 de'p'anc',
1370 1934 1613 2023 Chrislimultis
1634 1940 1741 2006 modis
1761 1931 1928 2011 differunt.
1987 1944 2091 2039 Ergo
2115 1970 2166 2017 nm

476 2034 549 2105 licet
563 2056 630 2105 non
644 2030 741 2122 solo)
767 2058 832 2104 vox
847 2037 969 2104 bibendi
990 2036 1125 2107 devino
1145 2036 1322 2132 (lieetnon
1368 2034 1509 2106 invicem
1532 2030 1779 2105 confundendae.
1831 2041 2104 2116 sacramentalis
2134 2071 2166 2115 m

448 2040 549 2219 solo)
582 2133 781 2229 predicatur.
836 2133 927 2228 Ergo
957 2131 1149 2231 significatio
1176 2136 1220 2206 est
1248 2160 1321 2231 pto·
1368 2136 1450 2203 catio
1463 2136 1598 2231 pertinet
1615 2131 1655 2201 ad
1673 2130 1827 2228 effentiam
1844 2129 1947 2204 sacrae
1968 2147 2098 2212 coenae:
2119 2140 2164 2241 spi

448 2233 518 2332 pria
534 2239 569 2303 δι
589 2237 708 2303 nativa.
760 2228 827 2320 V.)
850 2228 926 2299 Una
948 2249 1045 2329 atque
1064 2233 1175 2316 eadem
1199 2229 1323 2331 signifi·
1367 2230 1405 2302 lis
1421 2256 1501 2323 vcro
1520 2235 1561 2302 ad
1578 2229 1658 2301 illius
1667 2232 1772 2325 finem
1798 2238 1832 2302 ὅ(
1845 2233 2043 2327 studium,
2070 2246 2127 2339 qui
2145 2268 2166 2341 p.

447 2334 537 2403 cutio
558 2328 603 2399 ell
618 2330 706 2401 verbi
726 2331 847 2401 bibendi
868 2330 903 2397 in
928 2329 1081 2402 mandato
1098 2331 1273 2430 Christi&
1289 2335 1322 2404 in
1367 2332 1497 2402 niturin
1514 2330 1564 2399 his
1588 2332 1708 2400 verbis:
1735 2331 1980 2424 Hocsncitcin
1995 2344 2061 2409 mei
2082 2366 2166 2410 corun

447 2428 590 2501 mandati
604 2426 684 2499 illius
699 2424 901 2514 exsecutione
908 2448 922 2514 3
947 2425 1028 2497 abiit
1041 2432 1155 2508 enim,
1183 2447 1217 2501 ut
1233 2431 1321 2502 dica·
1367 2432 1532 2501 rationem.
1583 2426 1824 2499 Sacramentalis
1845 2434 2078 2509 manducatio
2101 2437 2166 2510 ella

446 2554 531 2613 mus,
547 2524 690 2623 inprime
709 2550 808 2598 coenat
825 2523 1098 2598 administratione
1121 2527 1207 2599 aliud
1222 2553 1320 2599 man·
1367 2552 1450 2614 um,
1475 2523 1641 2625 spiritualis
1662 2525 1871 2597 manducatio
1895 2530 1945 2601 eli
1958 2533 2080 2628 finis,
2104 2542 2161 2630 jaan

322 2662 327 2672 ·
445 2622 533 2701 dasle
554 2625 746 2707 Christum,
770 2622 858 2696 aliud
888 2622 1050 2721 apostolos
1071 2621 1197 2699 secisse.
1247 2630 1317 2712 jam
1367 2624 1474 2698 media
1488 2623 1529 2695 ad
1548 2620 1648 2693 finem
1671 2623 1814 2696 ducentia
1840 2621 1916 2697 sunt
1942 2634 2103 2707 distincta
2127 2635 2163 2706 ab

413 2715 415 2725 ’
444 2751 524 2802 uero
537 2719 788 2798 iar-exsecutione
804 2723 886 2793 illiue
906 2722 1048 2792 mandati
1064 2726 1202 2795 verbum
1215 2725 1319 2796 bidan·
1366 2721 1441 2794 fine.
1468 2767 1475 2775 ι
1492 2721 1731 2797 sacramentalis
1754 2723 1975 2799 ¹¹¹²¹¹d⁰0²ls⁰
1998 2733 2166 2805 dislffll

429 2867 434 2888 Ι
445 2830 479 2897 43
500 2826 649 2918 “cippus
665 2827 818 2920 proprie,
845 2818 892 2893 gy
911 2825 1057 2912 piperum
1076 2847 1117 2895 ax
1137 2849 1172 2895 ιο
1199 2844 1318 2900 omnes.
1367 2821 1520 2892 bibitione
1534 2820 1774 2899 sacramentali,
1801 2824 2033 2900 utollendunt
2059 2834 2166 2906 verbai

349 2965 353 2972 ,
409 2997 422 3005 ‚.
444 2924 554 2996 Marc,
569 2920 671 2999 xlv,
690 2941 748 2995 23.
773 2918 810 2991 Id
824 2914 919 3016 quod
930 2942 989 3017 per
1003 2917 1034 2990 se
1060 2938 1167 3018 patet,
1192 2926 1320 2996 &com
1366 2922 1520 2991 tutionis:
1552 2914 1719 3014 spiritualis
1753 2919 1974 2996 manducatio
1998 2955 2075 3001 non
2092 2931 2166 3003 dilliu

444 3018 597 3096 situatur
623 3018 771 3114 exemplo
816 3014 970 3094 roditoris
989 3017 1103 3116 Ju‘lae»
1128 3044 1226 3117 ‘luem
1254 3026 1321 3118 Pil·
1367 3041 1485 3113 c⁰sPl¹s
1501 3024 1534 3091 ἀ
1552 3013 1736 3111 s²⁰ss⁰l¹¹“'¹
1756 3016 1903 3107 Chflstl’
1934 3018 1995 3097 Μ
2015 3053 2088 3103 ⁰¹¹⁰
2101 3029 2163 3101 ’ὼ

443 3144 505 3193 mg
522 3142 623 3191 canae
637 3041 814 3192 inte‘rfuilsl¹
833 3141 870 3188 ex
892 3111 1040 3187 contextu
1058 3118 1152 3189 Lucae
1172 3117 1319 3218 plerique
1366 3119 1466 3187 turin
1486 3135 1591 3186 totum
1615 3114 1794 3197 Chrillum
1843 3120 2103 3201 sacramentalis
2118 3153 2166 3198 ura

367 3290 372 3308 ι
442 3236 548 3317 patres
565 3216 735 3293 llatuunr..
762 3218 853 3313 litgo
870 3214 1315 3288 etiaminrnandatoChrissi
1366 3217 1452 3286 catio
1468 3212 1607 3301 versatur
1628 3239 1695 3285 non
1712 3234 1836 3288 tantum
1855 3223 1949 3291 circe
1967 3249 2093 3324 corpus
2112 3228 2166 3306 Clu

347 3328 349 3332 ‘
442 3318 577 3392 verbum
606 3316 729 3387 bibendi
757 3316 915 3409 accipitur
939 3317 1082 3409 proprie.
1147 3310 1318 3397 Vicilsun,
1360 3305 1420 3401 vscd
1449 3316 1546 3384 etiam
1575 3314 1657 3383 circa
1682 3338 1819 3409 panem,
1847 3341 1919 3413 quo
1941 3315 2067 3397 seilicet
2090 3325 2166 3398 tuest

441 3440 513 3517 qne
530 3416 576 3488 est
591 3418 683 3484 ”ratio
704 3414 801 3510 partis
823 3409 1036 3509 posterioris,
1070 3409 1185 3484 eadem
1218 3416 1318 3485 etiam
1367 3435 1484 3507 corpus
1508 3412 1627 3488 Christi
1654 3416 1795 3510 accipit:
1832 3412 2013 3513 spiritualis
2044 3426 2166 3498 manduc

330 3559 332 3564 .
373 3558 377 3568 .
441 3519 526 3588 mio
547 3512 592 3585 cll
612 3514 708 3609 partis
733 3515 862 3607 prioris.
907 3512 982 3595 ¹Jam
1005 3533 1086 3581 vero
1106 3511 1242 3581 verbum
1270 3515 1316 3585 bi.
1365 3535 1432 3579 raon
1461 3508 1601 3581 uersatur
1627 3514 1708 3580 circa
1739 3537 1912 3584 externum
1945 3517 2159 3599 elementum,

441 3618 532 3692 bendi
548 3617 581 3683 in
593 3629 683 3708 parte
698 3608 876 3705 posteriore
892 3608 1048 3705 accipitur
1062 3615 1207 3705 proprie.
1259 3615 1319 3683 Er·
1366 3632 1493 3679 tantuna
1529 3613 1608 3679 circa
1640 3635 1755 3705 corpus
1787 3612 1925 3688 Christi·
2006 3621 2166 3694 Sacrameu

324 3750 332 3761 .
441 3743 487 3816 go
509 3716 603 3785 etiam
625 3707 762 3779 verbum
790 3709 1007 3778 manducandi
1040 3708 1074 3778 in
1098 3726 1189 3803 parte
1208 3712 1318 3805 priore
1364 3707 1571 3779 manducatio
1588 3707 1632 3777 ell
1655 3717 1838 3784 communis
1859 3714 2021 3788 omnibus
2049 3718 2166 3793 sacrae

440 3815 576 3913 proprie
589 3808 752 3902 accipitur.
805 3805 879 3896 Vl.)
892 3807 1318 3905 Paninqatemsrangimus,
1365 3806 1542 3878 utentibus:
1569 3805 1734 3902 spiritualis
1754 3807 1871 3881 autem
1888 3805 1970 3884 solis
1995 3816 2139 3893 fidelibus
2159 3846 2166 3889 r

442 3916 508 3986 boc
521 3907 713 4001 estcupanis
727 3902 951 3974 eucharillicus
974 3898 1096 3974 stadius
1113 3911 1147 3976 dt
1168 3905 1318 3976 dillribu·
1366 3907 1461 3972 venit.
1511 3906 1750 3978 sacramentalis
1766 3910 1984 3983 manducatio
2005 3914 2166 3990 lirnousu

442 4000 720 4106 conplectenda
732 4006 873 4094 corporis
882 4004 1029 4074 Domini.
1072 4026 1083 4064 1
1103 4005 1180 4072 Cor.
1196 4005 1234 4074 X.
1262 4014 1315 4078 16.
1365 4025 1383 4070 a
1409 3997 1558 4075 fidelibus
1576 3999 1786 4084 adsalutem,
1812 4004 1867 4080 sed
1893 4015 1996 4082 etiam
2014 4017 2059 4087 ab
2076 4017 2166 4089 incrrd

440 4114 514 4201 Jam
530 4132 607 4181 veto
626 4129 663 4174 os
686 4103 802 4196 accipit
821 4095 963 4172 statium
986 4108 1020 4190 dc
1041 4099 1244 4172 distributum
1261 4128 1316 4200 pa·
1363 4099 1402 4171 ad
1416 4098 1593 4193 judiciuru;
1617 4098 1784 4198 spiritualis
1800 4103 1837 4175 fit
1850 4114 2088 4186 tantummodo
2103 4110 2166 4188 adl

425 4234 529 4284 nem.
565 4193 666 4301 'ergo
682 4225 720 4273 os
735 4200 853 4294 accipit
874 4203 907 4269 in
925 4194 1126 4271 sacramento
1148 4224 1264 4296 corpus
1280 4211 1316 4275 δι
1364 4213 1439 4270 tem.
1497 4202 1737 4274 sacramentalis
1771 4206 1987 4278 manducatio
2023 4216 2156 4287 instituta

439 4305 494 4384 san
541 4306 628 4377 inem
657 4296 794 4372 Christi·
855 4296 955 4388 Vll.)
1001 4297 1089 4369 Talis
1122 4296 1315 4394 fignificatio
1363 4322 1453 4368 mum
1472 4301 1653 4369 cstinuov.
1673 4299 1741 4372 tell.
1765 4301 1818 4388 sed
1837 4302 2011 4402 spiritualis
2029 4311 2166 4385 essomn

376 4417 381 4424 ’
440 4331 538 4481 verbs
555 4406 634 4474 edite
666 4405 702 4471 dt
719 4399 815 4469 uiuite
837 4395 998 4470 statuenda
1019 4394 1084 4473 eli,
1124 4422 1194 4495 quac
1213 4403 1313 4471 etiam
1363 4419 1548 4493 temporum
1573 4399 1670 4469 etiam
1693 4402 1839 4474 venetii.
1861 4405 1995 4503 libaque
2019 4405 2166 4484 sacremru

441 4505 600 4601 competit
613 4495 774 4595 indignis,
798 4512 833 4566 ut
845 4492 901 4565 suo
914 4496 990 4567 loco
1005 4521 1042 4566 ex
1066 4518 1078 4559 ι
1093 4496 1171 4566 Cor.
1181 4495 1241 4573 XI.
1256 4520 1314 4583 ²7·
1363 4497 1612 4569 rtranducatione
1639 4496 1730 4568 multi
1743 4548 1763 4588 ‚.
1782 4497 1903 4573 scilicet
1924 4500 2067 4582 infantes
2082 4518 2115 4585 ἀ
2127 4510 2164 4583 fit

441 4600 664 4709 probabimus.
715 4598 783 4681 Jum
796 4617 877 4665 vero
889 4590 1054 4691 spiritualis
1079 4593 1311 4676 manducatio,
1361 4594 1458 4664 adulti
1485 4598 1519 4665 in
1541 4593 1613 4667 casu
1642 4602 1828 4693 privationis
1855 4599 2042 4679 uccellariae
2068 4606 2166 4681 salvant

441 4717 539 4808 prout
555 4701 596 4770 ub
608 4690 793 4769 adversariis
810 4689 985 4768 definitur,
1007 4717 1075 4763 non
1094 4698 1250 4792 competit
1264 4699 1314 4765 in.
1360 4689 1528 4789 spiritualis
1541 4719 1652 4766 autem
1662 4682 1810 4770 omnibus
1824 4695 1986 4776 salvandis
2003 4697 2049 4777 esl
2061 4704 2165 4782 nocella

441 4802 559 4905 dignis.
607 4799 696 4892 Ergo
719 4789 816 4863 verba
835 4796 964 4867 edite&
981 4794 1072 4863 bibite
1092 4815 1159 4862 non
1183 4788 1313 4889 possunt
1360 4793 1604 4865 sacramentalis
1635 4795 1837 4869 manducatio
1864 4822 1937 4871 non
1967 4807 2071 4902 potell
2094 4804 2166 4880 abed

442 4907 485 4979 de
500 4892 653 5001 spirituali
670 4890 914 4963 manducatione
936 4896 971 4962 &
992 4891 1152 4963 bibitione
1167 4887 1316 4988 intelligi..
1333 4899 1338 4909 ‘
1358 4883 1444 4961 sacra
1469 4918 1577 4967 coena:
1612 4890 1783 4988 spiritualis.
1805 4915 1919 4970 autem
1942 4928 2089 4978 manente
2105 4910 2166 5001 inq

442 5000 559 5091 vlu.)
580 4988 701 5066 Verba:
726 4994 825 5070 edite,
848 4991 903 5063 boc
920 4989 1089 5087 esttorpus
1109 5014 1236 5077 meum3
1266 4995 1312 5063 bi·
1359 4982 1456 5060 sacrae
1476 5018 1581 5062 coeuac
1595 4991 1722 5067 essentia
1744 4993 1847 5069 abesse
1867 5002 2000 5096 potest,
2023 5029 2166 5101 nequem

444 5106 524 5178 tite,
551 5097 606 5169 stuc
633 5089 674 5182 est
694 5089 835 5189 sanguis
856 5114 965 5166 meust
987 5092 1121 5188 proprie
1146 5088 1313 5184 loquendo
1360 5086 1402 5156 ad
1426 5084 1621 5173 sacramenti
1635 5096 1857 5196 integritatem<
1877 5102 2054 5200 quidquem
2076 5107 2166 5175 intertl

442 5191 599 5283 nensuut
618 5190 716 5266 verbu
740 5186 990 5289 promissionis,
1020 5186 1073 5267 scd
1098 5185 1205 5263 verba.
1220 5214 1322 5265 aueu-
1359 5188 1513 5285 qualide·
1527 5197 1598 5292 quis
1622 5217 1663 5265 eo
1687 5213 1812 5269 uteturc
1859 5198 1913 5273 Ex
1936 5185 2048 5299 qmbui
2072 5199 2166 5276 emnil

1329 5318 1331 5322 '
2159 5309 2166 5361 l

1286 5489 1313 5528 l
