<?xml version="1.0" encoding="UTF-8"?>
<!DOCTYPE html PUBLIC "-//W3C//DTD XHTML 1.0 Transitional//EN"
    "http://www.w3.org/TR/xhtml1/DTD/xhtml1-transitional.dtd">
<html xmlns="http://www.w3.org/1999/xhtml" xml:lang="en" lang="en">
 <head>
  <title>
</title>
<meta http-equiv="Content-Type" content="text/html;charset=utf-8" />
  <meta name='ocr-system' content='tesseract 3.04.00' />
  <meta name='ocr-capabilities' content='ocr_page ocr_carea ocr_par ocr_line ocrx_word'/>
</head>
<body>
  <div class='ocr_page' id='page_1' title='image "./locitheologicic05cottgoog_0720.png"; bbox 0 0 5375 6209; ppageno 0'>
   <div class='ocr_carea' id='block_1_1' title="bbox 926 485 2262 636">
    <p class='ocr_par' dir='ltr' id='par_1_1' title="bbox 926 485 2262 636">
     <span class='ocr_line' id='line_1_1' title="bbox 926 485 2262 636; baseline -0.007 -20"><span class='ocrx_word' id='word_1_1' title='bbox 926 542 1001 628; x_wconf 78' lang='lat' dir='ltr'>na</span> <span class='ocrx_word' id='word_1_2' title='bbox 1037 533 1307 626; x_wconf 80' lang='lat' dir='ltr'>coss-vrvrs</span> <span class='ocrx_word' id='word_1_3' title='bbox 1331 531 1390 606; x_wconf 85' lang='lat' dir='ltr'>us</span> <span class='ocrx_word' id='word_1_4' title='bbox 1423 534 1601 612; x_wconf 76' lang='lat' dir='ltr'>saona</span> <span class='ocrx_word' id='word_1_5' title='bbox 1629 533 1817 610; x_wconf 77' lang='lat' dir='ltr'>corus.</span> <span class='ocrx_word' id='word_1_6' title='bbox 2082 485 2085 494; x_wconf 46' lang='lat'><em>¹</em></span> <span class='ocrx_word' id='word_1_7' title='bbox 2179 548 2262 636; x_wconf 78' lang='lat' dir='ltr'>atr</span> 
     </span>
    </p>
   </div>
   <div class='ocr_carea' id='block_1_2' title="bbox 459 693 2264 979">
    <p class='ocr_par' dir='ltr' id='par_1_2' title="bbox 459 693 2264 979">
     <span class='ocr_line' id='line_1_2' title="bbox 461 693 2264 822; baseline -0.009 -20"><span class='ocrx_word' id='word_1_8' title='bbox 461 723 660 814; x_wconf 86' lang='lat' dir='ltr'>subtilitatis,</span> <span class='ocrx_word' id='word_1_9' title='bbox 679 748 782 822; x_wconf 85' lang='lat' dir='ltr'>¹quam</span> <span class='ocrx_word' id='word_1_10' title='bbox 799 719 939 794; x_wconf 87' lang='lat' dir='ltr'>veritatis</span> <span class='ocrx_word' id='word_1_11' title='bbox 956 720 1099 807; x_wconf 79' lang='lat' dir='ltr'>habent,</span> <span class='ocrx_word' id='word_1_12' title='bbox 1114 718 1229 791; x_wconf 85' lang='lat' dir='ltr'>inverti</span> <span class='ocrx_word' id='word_1_13' title='bbox 1247 717 1337 789; x_wconf 86' lang='lat' dir='ltr'>enim</span> <span class='ocrx_word' id='word_1_14' title='bbox 1380 727 1442 787; x_wconf 83' lang='lat' dir='ltr'>tut.</span> <span class='ocrx_word' id='word_1_15' title='bbox 1469 712 1607 788; x_wconf 69' lang='lat' dir='ltr'>Disium</span> <span class='ocrx_word' id='word_1_16' title='bbox 1626 693 1700 808; x_wconf 79' lang='lat' dir='ltr'>Job.</span> <span class='ocrx_word' id='word_1_17' title='bbox 1719 717 1783 795; x_wconf 91' lang='lat' dir='ltr'>Vl.</span> <span class='ocrx_word' id='word_1_18' title='bbox 1812 741 1826 798; x_wconf 83' lang='lat'>5</span> <span class='ocrx_word' id='word_1_19' title='bbox 1837 739 1866 794; x_wconf 83' lang='lat'>3.</span> <span class='ocrx_word' id='word_1_20' title='bbox 1888 713 2012 791; x_wconf 82' lang='lat' dir='ltr'>nonde</span> <span class='ocrx_word' id='word_1_21' title='bbox 2031 715 2264 806; x_wconf 55' lang='lat' dir='ltr'>&#39;sacramentali</span> 
     </span>
     <span class='ocr_line' id='line_1_3' title="bbox 459 804 2262 979; baseline -0.007 -82"><span class='ocrx_word' id='word_1_22' title='bbox 459 820 612 927; x_wconf 82' lang='lat' dir='ltr'>possunt,</span> <span class='ocrx_word' id='word_1_23' title='bbox 636 849 709 895; x_wconf 87' lang='lat' dir='ltr'>cum</span> <span class='ocrx_word' id='word_1_24' title='bbox 725 815 987 916; x_wconf 80' lang='lat' dir='ltr'>concupiscentits</span> <span class='ocrx_word' id='word_1_25' title='bbox 1000 816 1088 888; x_wconf 85' lang='lat' dir='ltr'>calor</span> <span class='ocrx_word' id='word_1_26' title='bbox 1101 819 1197 888; x_wconf 83' lang='lat' dir='ltr'>etiam</span> <span class='ocrx_word' id='word_1_27' title='bbox 1214 818 1247 886; x_wconf 94' lang='lat' dir='ltr'>in</span> <span class='ocrx_word' id='word_1_28' title='bbox 1259 839 1336 912; x_wconf 85' lang='lat' dir='ltr'>pue-</span> <span class='ocrx_word' id='word_1_29' title='bbox 1379 804 1435 979; x_wconf 60' lang='lat' dir='ltr'>spd</span> <span class='ocrx_word' id='word_1_30' title='bbox 1457 811 1606 908; x_wconf 81' lang='lat' dir='ltr'>spirituali</span> <span class='ocrx_word' id='word_1_31' title='bbox 1626 822 1772 912; x_wconf 84' lang='lat' dir='ltr'>corporis</span> <span class='ocrx_word' id='word_1_32' title='bbox 1794 813 2005 915; x_wconf 84' lang='lat' dir='ltr'>&amp;sanguinis</span> <span class='ocrx_word' id='word_1_33' title='bbox 2027 814 2146 889; x_wconf 89' lang='lat' dir='ltr'>Chrilli</span> <span class='ocrx_word' id='word_1_34' title='bbox 2167 841 2262 885; x_wconf 81' lang='lat' dir='ltr'>attan·</span> 
     </span>
    </p>
   </div>
   <div class='ocr_carea' id='block_1_3' title="bbox 455 912 2264 1112">
    <p class='ocr_par' dir='ltr' id='par_1_3' title="bbox 455 912 2264 1112">
     <span class='ocr_line' id='line_1_4' title="bbox 458 912 2264 1012; baseline -0.006 -17"><span class='ocrx_word' id='word_1_35' title='bbox 458 918 580 996; x_wconf 88' lang='lat' dir='ltr'>tulisse</span> <span class='ocrx_word' id='word_1_36' title='bbox 599 923 737 1001; x_wconf 69' lang='lat' dir='ltr'>exierat,</span> <span class='ocrx_word' id='word_1_37' title='bbox 765 946 839 991; x_wconf 91' lang='lat' dir='ltr'>cum</span> <span class='ocrx_word' id='word_1_38' title='bbox 857 922 918 986; x_wconf 88' lang='lat' dir='ltr'>vita</span> <span class='ocrx_word' id='word_1_39' title='bbox 936 915 1082 988; x_wconf 85' lang='lat' dir='ltr'>animalis</span> <span class='ocrx_word' id='word_1_40' title='bbox 1105 912 1167 987; x_wconf 82' lang='lat' dir='ltr'>fine</span> <span class='ocrx_word' id='word_1_41' title='bbox 1189 915 1264 986; x_wconf 88' lang='lat' dir='ltr'>cibo</span> <span class='ocrx_word' id='word_1_42' title='bbox 1280 912 1336 984; x_wconf 81' lang='lat' dir='ltr'>diu</span> <span class='ocrx_word' id='word_1_43' title='bbox 1404 915 1552 988; x_wconf 88' lang='lat' dir='ltr'>ucatione</span> <span class='ocrx_word' id='word_1_44' title='bbox 1567 922 1599 986; x_wconf 75' lang='lat' dir='ltr'>dt</span> <span class='ocrx_word' id='word_1_45' title='bbox 1622 912 1780 988; x_wconf 81' lang='lat' dir='ltr'>bibitione</span> <span class='ocrx_word' id='word_1_46' title='bbox 1803 917 1938 997; x_wconf 72' lang='lat' dir='ltr'>trasiat,</span> <span class='ocrx_word' id='word_1_47' title='bbox 1961 943 2034 1012; x_wconf 81' lang='lat' dir='ltr'>quae</span> <span class='ocrx_word' id='word_1_48' title='bbox 2050 915 2200 987; x_wconf 89' lang='lat' dir='ltr'>omnibus</span> <span class='ocrx_word' id='word_1_49' title='bbox 2219 915 2264 988; x_wconf 83' lang='lat' dir='ltr'>ad</span> 
     </span>
     <span class='ocr_line' id='line_1_5' title="bbox 455 1002 2264 1112; baseline -0.006 -17"><span class='ocrx_word' id='word_1_50' title='bbox 455 1020 639 1096; x_wconf 84' lang='lat' dir='ltr'>¹conseruari</span> <span class='ocrx_word' id='word_1_51' title='bbox 656 1034 808 1112; x_wconf 81' lang='lat' dir='ltr'>nequeat,</span> <span class='ocrx_word' id='word_1_52' title='bbox 836 1041 910 1090; x_wconf 89' lang='lat' dir='ltr'>eum</span> <span class='ocrx_word' id='word_1_53' title='bbox 928 1009 1062 1086; x_wconf 87' lang='lat' dir='ltr'>infantes</span> <span class='ocrx_word' id='word_1_54' title='bbox 1076 1011 1243 1111; x_wconf 87' lang='lat' dir='ltr'>paululum</span> <span class='ocrx_word' id='word_1_55' title='bbox 1260 1029 1336 1082; x_wconf 85' lang='lat' dir='ltr'>atta·</span> <span class='ocrx_word' id='word_1_56' title='bbox 1379 1002 1513 1082; x_wconf 86' lang='lat' dir='ltr'>salutent</span> <span class='ocrx_word' id='word_1_57' title='bbox 1533 1009 1699 1084; x_wconf 79' lang='lat' dir='ltr'>necessaria</span> <span class='ocrx_word' id='word_1_58' title='bbox 1720 1017 1788 1092; x_wconf 81' lang='lat' dir='ltr'>est,</span> <span class='ocrx_word' id='word_1_59' title='bbox 1815 1020 1849 1087; x_wconf 75' lang='lat' dir='ltr'>dt</span> <span class='ocrx_word' id='word_1_60' title='bbox 1871 1021 1958 1108; x_wconf 85' lang='lat' dir='ltr'>cujus</span> <span class='ocrx_word' id='word_1_61' title='bbox 1978 1019 2013 1086; x_wconf 88' lang='lat' dir='ltr'>in</span> <span class='ocrx_word' id='word_1_62' title='bbox 2030 1007 2192 1112; x_wconf 84' lang='lat' dir='ltr'>baptismo</span> <span class='ocrx_word' id='word_1_63' title='bbox 2212 1016 2264 1085; x_wconf 63' lang='lat' dir='ltr'>ina</span> 
     </span>
    </p>
   </div>
   <div class='ocr_carea' id='block_1_4' title="bbox 456 1102 2387 1215">
    <p class='ocr_par' dir='ltr' id='par_1_4' title="bbox 456 1102 2387 1215">
     <span class='ocr_line' id='line_1_6' title="bbox 456 1102 2387 1215; baseline -0.004 -26"><span class='ocrx_word' id='word_1_64' title='bbox 456 1137 488 1191; x_wconf 91' lang='lat' dir='ltr'>te</span> <span class='ocrx_word' id='word_1_65' title='bbox 507 1114 668 1215; x_wconf 77' lang='lat' dir='ltr'>progress&#39;t</span> <span class='ocrx_word' id='word_1_66' title='bbox 684 1122 783 1190; x_wconf 88' lang='lat' dir='ltr'>etiam</span> <span class='ocrx_word' id='word_1_67' title='bbox 799 1132 873 1185; x_wconf 86' lang='lat' dir='ltr'>ante</span> <span class='ocrx_word' id='word_1_68' title='bbox 889 1109 979 1184; x_wconf 89' lang='lat' dir='ltr'>usum</span> <span class='ocrx_word' id='word_1_69' title='bbox 998 1116 1138 1185; x_wconf 87' lang='lat' dir='ltr'>rationis</span> <span class='ocrx_word' id='word_1_70' title='bbox 1158 1115 1334 1208; x_wconf 67' lang='lat' dir='ltr'>&amp;paneis</span> <span class='ocrx_word' id='word_1_71' title='bbox 1379 1102 1484 1180; x_wconf 85' lang='lat' dir='ltr'>fantes</span> <span class='ocrx_word' id='word_1_72' title='bbox 1500 1115 1670 1207; x_wconf 79' lang='lat' dir='ltr'>participes</span> <span class='ocrx_word' id='word_1_73' title='bbox 1693 1109 1869 1186; x_wconf 73' lang='lat' dir='ltr'>fautione</span> <span class='ocrx_word' id='word_1_74' title='bbox 1918 1111 2159 1186; x_wconf 84' lang='lat' dir='ltr'>bacramentalis</span> <span class='ocrx_word' id='word_1_75' title='bbox 2183 1137 2263 1184; x_wconf 86' lang='lat' dir='ltr'>veto</span> <span class='ocrx_word' id='word_1_76' title='bbox 2381 1121 2387 1130; x_wconf 86' lang='lat'><em>&#39;</em></span> 
     </span>
    </p>
   </div>
   <div class='ocr_carea' id='block_1_5' title="bbox 446 1203 2291 2105">
    <p class='ocr_par' dir='ltr' id='par_1_5' title="bbox 446 1203 2291 2105">
     <span class='ocr_line' id='line_1_7' title="bbox 456 1203 2264 1307; baseline -0.003 -20"><span class='ocrx_word' id='word_1_77' title='bbox 456 1222 536 1289; x_wconf 85' lang='lat' dir='ltr'>vino</span> <span class='ocrx_word' id='word_1_78' title='bbox 556 1216 728 1307; x_wconf 87' lang='lat' dir='ltr'>utantur.)</span> <span class='ocrx_word' id='word_1_79' title='bbox 779 1216 867 1286; x_wconf 88' lang='lat' dir='ltr'>ldem</span> <span class='ocrx_word' id='word_1_80' title='bbox 887 1209 941 1286; x_wconf 85' lang='lat' dir='ltr'>lib.</span> <span class='ocrx_word' id='word_1_81' title='bbox 964 1214 1019 1281; x_wconf 90' lang='lat' dir='ltr'>lV.</span> <span class='ocrx_word' id='word_1_82' title='bbox 1045 1212 1086 1282; x_wconf 89' lang='lat' dir='ltr'>de</span> <span class='ocrx_word' id='word_1_83' title='bbox 1108 1203 1239 1283; x_wconf 84' lang='lat' dir='ltr'>euehat.</span> <span class='ocrx_word' id='word_1_84' title='bbox 1261 1231 1333 1304; x_wconf 88' lang='lat' dir='ltr'>cap.</span> <span class='ocrx_word' id='word_1_85' title='bbox 1379 1207 1588 1279; x_wconf 86' lang='lat' dir='ltr'>manducatio</span> <span class='ocrx_word' id='word_1_86' title='bbox 1609 1234 1648 1281; x_wconf 88' lang='lat' dir='ltr'>ae</span> <span class='ocrx_word' id='word_1_87' title='bbox 1672 1212 1784 1283; x_wconf 85' lang='lat' dir='ltr'>bibitio</span> <span class='ocrx_word' id='word_1_88' title='bbox 1802 1235 1869 1282; x_wconf 93' lang='lat' dir='ltr'>non</span> <span class='ocrx_word' id='word_1_89' title='bbox 1884 1209 1929 1283; x_wconf 87' lang='lat' dir='ltr'>eil</span> <span class='ocrx_word' id='word_1_90' title='bbox 1945 1210 2089 1283; x_wconf 85' lang='lat' dir='ltr'>absolute</span> <span class='ocrx_word' id='word_1_91' title='bbox 2118 1210 2158 1282; x_wconf 91' lang='lat' dir='ltr'>ad</span> <span class='ocrx_word' id='word_1_92' title='bbox 2183 1209 2264 1282; x_wconf 83' lang='lat' dir='ltr'>solu·</span> 
     </span>
     <span class='ocr_line' id='line_1_8' title="bbox 459 1301 2263 1412; baseline 0 -28"><span class='ocrx_word' id='word_1_93' title='bbox 459 1345 518 1411; x_wconf 86' lang='lat'>²3·</span> <span class='ocrx_word' id='word_1_94' title='bbox 541 1315 671 1412; x_wconf 86' lang='lat' dir='ltr'>propos</span> <span class='ocrx_word' id='word_1_95' title='bbox 704 1335 737 1391; x_wconf 80' lang='lat'>3.</span> <span class='ocrx_word' id='word_1_96' title='bbox 778 1315 935 1385; x_wconf 80' lang='lat' dir='ltr'>Parvulit</span> <span class='ocrx_word' id='word_1_97' title='bbox 969 1309 1158 1403; x_wconf 62' lang='lat' dir='ltr'>tuebarssia</span> <span class='ocrx_word' id='word_1_98' title='bbox 1185 1313 1335 1410; x_wconf 81' lang='lat' dir='ltr'>gratiam</span> <span class='ocrx_word' id='word_1_99' title='bbox 1378 1320 1444 1375; x_wconf 88' lang='lat' dir='ltr'>tem</span> <span class='ocrx_word' id='word_1_100' title='bbox 1463 1301 1664 1387; x_wconf 76' lang='lat' dir='ltr'>necessaria,</span> <span class='ocrx_word' id='word_1_101' title='bbox 1690 1327 1725 1380; x_wconf 91' lang='lat' dir='ltr'>ut</span> <span class='ocrx_word' id='word_1_102' title='bbox 1753 1308 1892 1382; x_wconf 85' lang='lat' dir='ltr'>oslendit</span> <span class='ocrx_word' id='word_1_103' title='bbox 1919 1309 2104 1406; x_wconf 84' lang='lat' dir='ltr'>exemplum</span> <span class='ocrx_word' id='word_1_104' title='bbox 2129 1309 2263 1384; x_wconf 84' lang='lat' dir='ltr'>latronis</span> 
     </span>
     <span class='ocr_line' id='line_1_9' title="bbox 456 1400 2265 1510; baseline -0.008 -23"><span class='ocrx_word' id='word_1_105' title='bbox 456 1418 639 1510; x_wconf 79' lang='lat' dir='ltr'>conferret,</span> <span class='ocrx_word' id='word_1_106' title='bbox 664 1414 710 1488; x_wconf 59' lang='grc' dir='ltr'><em>θ</em></span> <span class='ocrx_word' id='word_1_107' title='bbox 730 1428 862 1500; x_wconf 81' lang='lat' dir='ltr'>tomen,</span> <span class='ocrx_word' id='word_1_108' title='bbox 888 1413 964 1508; x_wconf 82' lang='lat' dir='ltr'>quia</span> <span class='ocrx_word' id='word_1_109' title='bbox 982 1435 1046 1481; x_wconf 85' lang='lat' dir='ltr'>nota</span> <span class='ocrx_word' id='word_1_110' title='bbox 1064 1413 1208 1506; x_wconf 80' lang='lat' dir='ltr'>indigeat</span> <span class='ocrx_word' id='word_1_111' title='bbox 1225 1432 1263 1478; x_wconf 80' lang='lat' dir='ltr'>ee</span> <span class='ocrx_word' id='word_1_112' title='bbox 1282 1430 1335 1476; x_wconf 82' lang='lat' dir='ltr'>tte·</span> <span class='ocrx_word' id='word_1_113' title='bbox 1377 1400 1455 1475; x_wconf 83' lang='lat' dir='ltr'>Luc.</span> <span class='ocrx_word' id='word_1_114' title='bbox 1470 1403 1604 1495; x_wconf 83' lang='lat' dir='ltr'>XXlll.</span> <span class='ocrx_word' id='word_1_115' title='bbox 1621 1429 1683 1492; x_wconf 84' lang='lat'>43.</span> <span class='ocrx_word' id='word_1_116' title='bbox 1734 1412 1839 1508; x_wconf 84' lang='lat' dir='ltr'>Atque</span> <span class='ocrx_word' id='word_1_117' title='bbox 1853 1409 1923 1481; x_wconf 85' lang='lat' dir='ltr'>hate</span> <span class='ocrx_word' id='word_1_118' title='bbox 1945 1409 2030 1481; x_wconf 67' lang='lat' dir='ltr'>diua</span> <span class='ocrx_word' id='word_1_119' title='bbox 2056 1407 2118 1479; x_wconf 82' lang='lat' dir='ltr'>sint</span> <span class='ocrx_word' id='word_1_120' title='bbox 2134 1408 2176 1478; x_wconf 87' lang='lat' dir='ltr'>de</span> <span class='ocrx_word' id='word_1_121' title='bbox 2191 1434 2265 1505; x_wconf 82' lang='lat' dir='ltr'>per.</span> 
     </span>
     <span class='ocr_line' id='line_1_10' title="bbox 456 1493 2264 1614; baseline -0.005 -29"><span class='ocrx_word' id='word_1_122' title='bbox 456 1503 616 1612; x_wconf 64' lang='lat' dir='ltr'>cessario,</span> <span class='ocrx_word' id='word_1_123' title='bbox 641 1538 695 1584; x_wconf 82' lang='lat' dir='ltr'>nee</span> <span class='ocrx_word' id='word_1_124' title='bbox 711 1513 1018 1614; x_wconf 62' lang='lat' dir='ltr'>forinsecarum</span> <span class='ocrx_word' id='word_1_125' title='bbox 1042 1511 1086 1581; x_wconf 84' lang='lat' dir='ltr'>eis</span> <span class='ocrx_word' id='word_1_126' title='bbox 1112 1513 1186 1578; x_wconf 85' lang='lat' dir='ltr'>dori</span> <span class='ocrx_word' id='word_1_127' title='bbox 1211 1505 1332 1603; x_wconf 70' lang='lat' dir='ltr'>pvffll»</span> <span class='ocrx_word' id='word_1_128' title='bbox 1376 1493 1462 1572; x_wconf 89' lang='lat' dir='ltr'>sonis</span> <span class='ocrx_word' id='word_1_129' title='bbox 1479 1504 1519 1573; x_wconf 89' lang='lat' dir='ltr'>ab</span> <span class='ocrx_word' id='word_1_130' title='bbox 1541 1503 1596 1575; x_wconf 91' lang='lat' dir='ltr'>usu</span> <span class='ocrx_word' id='word_1_131' title='bbox 1616 1506 1707 1576; x_wconf 73' lang='lat' dir='ltr'>sactae</span> <span class='ocrx_word' id='word_1_132' title='bbox 1726 1533 1826 1579; x_wconf 83' lang='lat' dir='ltr'>eoenae</span> <span class='ocrx_word' id='word_1_133' title='bbox 1842 1506 2004 1595; x_wconf 83' lang='lat' dir='ltr'>arcendis,</span> <span class='ocrx_word' id='word_1_134' title='bbox 2029 1532 2165 1606; x_wconf 87' lang='lat' dir='ltr'>quarum</span> <span class='ocrx_word' id='word_1_135' title='bbox 2183 1527 2264 1604; x_wconf 61' lang='lat' dir='ltr'>praea</span> 
     </span>
     <span class='ocr_line' id='line_1_11' title="bbox 456 1603 2291 1706; baseline -0.003 -22"><span class='ocrx_word' id='word_1_136' title='bbox 456 1615 718 1697; x_wconf 66' lang='lat' dir='ltr'>nasturtium,</span> <span class='ocrx_word' id='word_1_137' title='bbox 743 1635 841 1706; x_wconf 81' lang='lat' dir='ltr'>neque</span> <span class='ocrx_word' id='word_1_138' title='bbox 854 1635 874 1681; x_wconf 84' lang='lat' dir='ltr'>a</span> <span class='ocrx_word' id='word_1_139' title='bbox 887 1609 1066 1687; x_wconf 74' lang='lat' dir='ltr'>catholicis,</span> <span class='ocrx_word' id='word_1_140' title='bbox 1082 1630 1185 1702; x_wconf 81' lang='lat' dir='ltr'>raeque</span> <span class='ocrx_word' id='word_1_141' title='bbox 1201 1608 1242 1675; x_wconf 84' lang='lat' dir='ltr'>ab</span> <span class='ocrx_word' id='word_1_142' title='bbox 1260 1607 1333 1676; x_wconf 84' lang='lat' dir='ltr'>bae·</span> <span class='ocrx_word' id='word_1_143' title='bbox 1369 1603 1484 1698; x_wconf 85' lang='lat' dir='ltr'>-cipuas</span> <span class='ocrx_word' id='word_1_144' title='bbox 1510 1609 1680 1676; x_wconf 81' lang='lat' dir='ltr'>canonistas</span> <span class='ocrx_word' id='word_1_145' title='bbox 1703 1606 1768 1679; x_wconf 90' lang='lat' dir='ltr'>boc</span> <span class='ocrx_word' id='word_1_146' title='bbox 1795 1604 1948 1678; x_wconf 81' lang='lat' dir='ltr'>versiculo</span> <span class='ocrx_word' id='word_1_147' title='bbox 1977 1604 2264 1704; x_wconf 74' lang='lat' dir='ltr'>compledlunturs</span> <span class='ocrx_word' id='word_1_148' title='bbox 2288 1621 2291 1626; x_wconf 84' lang='grc'><em>“</em></span> 
     </span>
     <span class='ocr_line' id='line_1_12' title="bbox 454 1703 1344 1780; baseline -0.008 -1"><span class='ocrx_word' id='word_1_149' title='bbox 454 1713 568 1779; x_wconf 69' lang='lat' dir='ltr'>reticii.</span> <span class='ocrx_word' id='word_1_150' title='bbox 617 1707 745 1780; x_wconf 88' lang='lat' dir='ltr'>Oblitus</span> <span class='ocrx_word' id='word_1_151' title='bbox 771 1730 880 1780; x_wconf 85' lang='lat' dir='ltr'>autern</span> <span class='ocrx_word' id='word_1_152' title='bbox 898 1708 942 1779; x_wconf 85' lang='lat' dir='ltr'>eil</span> <span class='ocrx_word' id='word_1_153' title='bbox 958 1706 1169 1778; x_wconf 81' lang='lat' dir='ltr'>bellarminus</span> <span class='ocrx_word' id='word_1_154' title='bbox 1191 1703 1344 1774; x_wconf 71' lang='lat' dir='ltr'>sinissra·-</span> 
     </span>
     <span class='ocr_line' id='line_1_13' title="bbox 453 1798 1337 1902; baseline -0.006 -26"><span class='ocrx_word' id='word_1_155' title='bbox 453 1832 550 1882; x_wconf 87' lang='lat' dir='ltr'>rum,</span> <span class='ocrx_word' id='word_1_156' title='bbox 577 1832 660 1896; x_wconf 88' lang='lat' dir='ltr'>quos</span> <span class='ocrx_word' id='word_1_157' title='bbox 677 1811 835 1880; x_wconf 81' lang='lat' dir='ltr'>haereticis</span> <span class='ocrx_word' id='word_1_158' title='bbox 846 1809 1054 1886; x_wconf 85' lang='lat' dir='ltr'>adnumerat,</span> <span class='ocrx_word' id='word_1_159' title='bbox 1072 1805 1128 1902; x_wconf 89' lang='lat' dir='ltr'>qui</span> <span class='ocrx_word' id='word_1_160' title='bbox 1144 1829 1212 1875; x_wconf 89' lang='lat' dir='ltr'>non</span> <span class='ocrx_word' id='word_1_161' title='bbox 1227 1798 1337 1872; x_wconf 83' lang='lat' dir='ltr'>solum</span> 
     </span>
     <span class='ocr_line' id='line_1_14' title="bbox 450 1901 1335 1999; baseline -0.007 -23"><span class='ocrx_word' id='word_1_162' title='bbox 450 1905 736 1979; x_wconf 86' lang='lat' dir='ltr'>administratione</span> <span class='ocrx_word' id='word_1_163' title='bbox 760 1933 860 1979; x_wconf 85' lang='lat' dir='ltr'>coenae</span> <span class='ocrx_word' id='word_1_164' title='bbox 884 1905 937 1978; x_wconf 94' lang='lat' dir='ltr'>sub</span> <span class='ocrx_word' id='word_1_165' title='bbox 961 1921 1123 1999; x_wconf 82' lang='lat' dir='ltr'>utraque,</span> <span class='ocrx_word' id='word_1_166' title='bbox 1158 1901 1335 1976; x_wconf 84' lang='lat' dir='ltr'>sedetiam</span> 
     </span>
     <span class='ocr_line' id='line_1_15' title="bbox 446 1993 1985 2105; baseline 0.002 -31"><span class='ocrx_word' id='word_1_167' title='bbox 446 2010 685 2076; x_wconf 76' lang='lat' dir='ltr'>communione</span> <span class='ocrx_word' id='word_1_168' title='bbox 702 2008 911 2105; x_wconf 79' lang='lat' dir='ltr'>paruulorum</span> <span class='ocrx_word' id='word_1_169' title='bbox 926 2029 944 2073; x_wconf 89' lang='lat' dir='ltr'>a</span> <span class='ocrx_word' id='word_1_170' title='bbox 962 2001 1139 2101; x_wconf 85' lang='lat' dir='ltr'>pontificiis</span> <span class='ocrx_word' id='word_1_171' title='bbox 1162 1999 1333 2076; x_wconf 75' lang='lat' dir='ltr'>diffident,</span> <span class='ocrx_word' id='word_1_172' title='bbox 1424 1993 1465 2094; x_wconf 50' lang='grc' dir='ltr'><em>ᾗ</em></span> <span class='ocrx_word' id='word_1_173' title='bbox 1490 1997 1674 2078; x_wconf 83' lang='lat' dir='ltr'><strong>CCXXX.</strong></span> <span class='ocrx_word' id='word_1_174' title='bbox 1698 2003 1985 2101; x_wconf 82' lang='lat' dir='ltr'>QtaeriturV.)att</span> 
     </span>
    </p>
   </div>
   <div class='ocr_carea' id='block_1_6' title="bbox 450 2092 2244 2260">
    <p class='ocr_par' dir='ltr' id='par_1_6' title="bbox 450 2092 2244 2260">
     <span class='ocr_line' id='line_1_16' title="bbox 450 2092 2244 2260; baseline 0 -88"><span class='ocrx_word' id='word_1_175' title='bbox 450 2127 559 2199; x_wconf 88' lang='lat' dir='ltr'>neque</span> <span class='ocrx_word' id='word_1_176' title='bbox 584 2110 672 2174; x_wconf 90' lang='lat' dir='ltr'>enim</span> <span class='ocrx_word' id='word_1_177' title='bbox 703 2110 808 2201; x_wconf 90' lang='lat' dir='ltr'>pueris</span> <span class='ocrx_word' id='word_1_178' title='bbox 832 2123 982 2182; x_wconf 87' lang='lat' dir='ltr'>tantum,</span> <span class='ocrx_word' id='word_1_179' title='bbox 1008 2101 1181 2174; x_wconf 83' lang='lat' dir='ltr'>sedetiam</span> <span class='ocrx_word' id='word_1_180' title='bbox 1211 2097 1262 2173; x_wconf 88' lang='lat' dir='ltr'>sex</span> <span class='ocrx_word' id='word_1_181' title='bbox 1289 2092 1335 2168; x_wconf 90' lang='lat' dir='ltr'>se·</span> <span class='ocrx_word' id='word_1_182' title='bbox 1357 2097 1525 2192; x_wconf 72' lang='lat' dir='ltr'>&#39;Christus</span> <span class='ocrx_word' id='word_1_183' title='bbox 1544 2101 1609 2194; x_wconf 81' lang='lat' dir='ltr'>ipsi</span> <span class='ocrx_word' id='word_1_184' title='bbox 1639 2103 1828 2197; x_wconf 73' lang='lat' dir='ltr'>eucharistia</span> <span class='ocrx_word' id='word_1_185' title='bbox 1848 2127 1922 2175; x_wconf 82' lang='lat' dir='ltr'>tum</span> <span class='ocrx_word' id='word_1_186' title='bbox 1938 2108 1987 2175; x_wconf 84' lang='lat' dir='ltr'>di·</span> <span class='ocrx_word' id='word_1_187' title='bbox 2050 2095 2244 2260; x_wconf 31' lang='lat' dir='ltr'>gralia:</span> 
     </span>
    </p>
   </div>
   <div class='ocr_carea' id='block_1_7' title="bbox 449 2260 2263 2503">
    <p class='ocr_par' dir='ltr' id='par_1_7' title="bbox 449 2260 2263 2503">
     <span class='ocr_line' id='line_1_17' title="bbox 2070 2260 2231 2334; baseline 0 -15"><span class='ocrx_word' id='word_1_188' title='bbox 2070 2260 2231 2334; x_wconf 71' lang='lat' dir='ltr'>eucharistia</span> 
     </span>
     <span class='ocr_line' id='line_1_18' title="bbox 449 2342 2263 2503; baseline 0.002 -33"><span class='ocrx_word' id='word_1_189' title='bbox 449 2399 661 2478; x_wconf 87' lang='lat' dir='ltr'>nemillaru,</span> <span class='ocrx_word' id='word_1_190' title='bbox 689 2399 933 2497; x_wconf 86' lang='lat' dir='ltr'>quodparvulis</span> <span class='ocrx_word' id='word_1_191' title='bbox 957 2385 1133 2470; x_wconf 83' lang='lat' dir='ltr'>exbibenda</span> <span class='ocrx_word' id='word_1_192' title='bbox 1158 2395 1333 2468; x_wconf 84' lang='lat' dir='ltr'>fiteucha·</span> <span class='ocrx_word' id='word_1_193' title='bbox 1377 2418 1408 2468; x_wconf 84' lang='lat' dir='ltr'>c.</span> <span class='ocrx_word' id='word_1_194' title='bbox 1437 2418 1468 2472; x_wconf 85' lang='lat'>9.</span> <span class='ocrx_word' id='word_1_195' title='bbox 1511 2405 1546 2468; x_wconf 64' lang='grc' dir='ltr'>ἃ</span> <span class='ocrx_word' id='word_1_196' title='bbox 1583 2394 1838 2490; x_wconf 81' lang='lat' dir='ltr'>Chrysollotnua</span> <span class='ocrx_word' id='word_1_197' title='bbox 1889 2401 1981 2473; x_wconf 90' lang='lat' dir='ltr'>hom.</span> <span class='ocrx_word' id='word_1_198' title='bbox 2032 2342 2263 2503; x_wconf 41' lang='lat' dir='ltr'>witelmi</span> 
     </span>
    </p>
   </div>
   <div class='ocr_carea' id='block_1_8' title="bbox 428 2491 2263 3482">
    <p class='ocr_par' dir='ltr' id='par_1_8' title="bbox 449 2491 1985 2596">
     <span class='ocr_line' id='line_1_19' title="bbox 449 2491 1985 2596; baseline 0.001 -28"><span class='ocrx_word' id='word_1_199' title='bbox 449 2497 536 2568; x_wconf 86' lang='lat' dir='ltr'>tillia</span> <span class='ocrx_word' id='word_1_200' title='bbox 559 2545 572 2578; x_wconf 91' lang='lat'>,</span> <span class='ocrx_word' id='word_1_201' title='bbox 598 2503 733 2571; x_wconf 82' lang='lat' dir='ltr'>molliter</span> <span class='ocrx_word' id='word_1_202' title='bbox 756 2503 970 2593; x_wconf 63' lang='lat' dir='ltr'>asturiensium</span> <span class='ocrx_word' id='word_1_203' title='bbox 989 2493 1067 2593; x_wconf 72' lang='lat' dir='ltr'>else,</span> <span class='ocrx_word' id='word_1_204' title='bbox 1092 2495 1204 2569; x_wconf 88' lang='lat' dir='ltr'>dicunt</span> <span class='ocrx_word' id='word_1_205' title='bbox 1227 2513 1333 2592; x_wconf 86' lang='lat' dir='ltr'>patres</span> <span class='ocrx_word' id='word_1_206' title='bbox 1374 2491 1548 2568; x_wconf 80' lang='lat' dir='ltr'>Lxxxut</span> <span class='ocrx_word' id='word_1_207' title='bbox 1570 2499 1603 2566; x_wconf 90' lang='lat' dir='ltr'>in</span> <span class='ocrx_word' id='word_1_208' title='bbox 1628 2500 1750 2572; x_wconf 84' lang='lat' dir='ltr'>Matth.</span> <span class='ocrx_word' id='word_1_209' title='bbox 1770 2497 1803 2568; x_wconf 92' lang='lat' dir='ltr'>id</span> <span class='ocrx_word' id='word_1_210' title='bbox 1828 2497 1985 2596; x_wconf 84' lang='lat' dir='ltr'>colligunt</span> 
     </span>
    </p>

    <p class='ocr_par' dir='ltr' id='par_1_9' title="bbox 428 2591 2263 3482">
     <span class='ocr_line' id='line_1_20' title="bbox 428 2591 2263 2698; baseline 0.003 -31"><span class='ocrx_word' id='word_1_211' title='bbox 428 2596 638 2668; x_wconf 66' lang='lat' dir='ltr'>⁴Tridentini</span> <span class='ocrx_word' id='word_1_212' title='bbox 658 2596 728 2671; x_wconf 81' lang='lat' dir='ltr'>t&#39;ess&#39;.</span> <span class='ocrx_word' id='word_1_213' title='bbox 757 2603 843 2673; x_wconf 85' lang='lat' dir='ltr'>XXl.</span> <span class='ocrx_word' id='word_1_214' title='bbox 870 2625 897 2668; x_wconf 93' lang='lat' dir='ltr'>c.</span> <span class='ocrx_word' id='word_1_215' title='bbox 919 2623 953 2678; x_wconf 88' lang='lat'>4.</span> <span class='ocrx_word' id='word_1_216' title='bbox 1004 2598 1103 2698; x_wconf 76' lang='lat' dir='ltr'>Qiod</span> <span class='ocrx_word' id='word_1_217' title='bbox 1125 2598 1226 2670; x_wconf 87' lang='lat' dir='ltr'>etiam</span> <span class='ocrx_word' id='word_1_218' title='bbox 1256 2591 1333 2665; x_wconf 91' lang='lat' dir='ltr'>sacit</span> <span class='ocrx_word' id='word_1_219' title='bbox 1376 2595 1536 2665; x_wconf 80' lang='lat' dir='ltr'>exverbis</span> <span class='ocrx_word' id='word_1_220' title='bbox 1566 2595 1685 2664; x_wconf 84' lang='lat' dir='ltr'>Chrilli</span> <span class='ocrx_word' id='word_1_221' title='bbox 1707 2599 1784 2669; x_wconf 83' lang='lat' dir='ltr'>Luc.</span> <span class='ocrx_word' id='word_1_222' title='bbox 1810 2597 1930 2674; x_wconf 90' lang='lat' dir='ltr'>XXll.</span> <span class='ocrx_word' id='word_1_223' title='bbox 1967 2615 2019 2672; x_wconf 82' lang='lat'>¹8.</span> <span class='ocrx_word' id='word_1_224' title='bbox 2055 2601 2133 2671; x_wconf 83' lang='lat' dir='ltr'>Non</span> <span class='ocrx_word' id='word_1_225' title='bbox 2156 2605 2263 2673; x_wconf 79' lang='lat' dir='ltr'>bibaro</span> 
     </span>
     <span class='ocr_line' id='line_1_21' title="bbox 450 2691 2262 2795; baseline 0.003 -30"><span class='ocrx_word' id='word_1_226' title='bbox 450 2693 605 2766; x_wconf 89' lang='lat' dir='ltr'>Collerus</span> <span class='ocrx_word' id='word_1_227' title='bbox 623 2724 705 2794; x_wconf 87' lang='lat' dir='ltr'>part.</span> <span class='ocrx_word' id='word_1_228' title='bbox 730 2702 786 2777; x_wconf 84' lang='lat'>111.</span> <span class='ocrx_word' id='word_1_229' title='bbox 812 2696 895 2795; x_wconf 88' lang='lat' dir='ltr'>apol.</span> <span class='ocrx_word' id='word_1_230' title='bbox 911 2721 987 2794; x_wconf 84' lang='lat' dir='ltr'>pag.</span> <span class='ocrx_word' id='word_1_231' title='bbox 1010 2705 1092 2771; x_wconf 78' lang='lat'><em>286.</em></span> <span class='ocrx_word' id='word_1_232' title='bbox 1143 2699 1227 2794; x_wconf 78' lang='lat' dir='ltr'>Quia</span> <span class='ocrx_word' id='word_1_233' title='bbox 1253 2716 1331 2766; x_wconf 91' lang='lat' dir='ltr'>vero</span> <span class='ocrx_word' id='word_1_234' title='bbox 1375 2691 1577 2782; x_wconf 73' lang='lat' dir='ltr'>ampliusue</span> <span class='ocrx_word' id='word_1_235' title='bbox 1607 2701 1755 2793; x_wconf 74' lang='lat' dir='ltr'>germine</span> <span class='ocrx_word' id='word_1_236' title='bbox 1773 2700 1870 2782; x_wconf 84' lang='lat' dir='ltr'>uitis,</span> <span class='ocrx_word' id='word_1_237' title='bbox 1904 2700 1999 2767; x_wconf 79' lang='lat' dir='ltr'>donet</span> <span class='ocrx_word' id='word_1_238' title='bbox 2026 2722 2164 2795; x_wconf 78' lang='lat' dir='ltr'>regnum</span> <span class='ocrx_word' id='word_1_239' title='bbox 2195 2702 2262 2770; x_wconf 85' lang='lat' dir='ltr'>Dei</span> 
     </span>
     <span class='ocr_line' id='line_1_22' title="bbox 448 2791 2261 2891; baseline 0.001 -26"><span class='ocrx_word' id='word_1_240' title='bbox 448 2798 485 2865; x_wconf 73' lang='lat' dir='ltr'>C&lt;</span> <span class='ocrx_word' id='word_1_241' title='bbox 501 2793 710 2868; x_wconf 80' lang='lat' dir='ltr'>Bellarmiuus</span> <span class='ocrx_word' id='word_1_242' title='bbox 726 2795 781 2873; x_wconf 91' lang='lat' dir='ltr'>lib.</span> <span class='ocrx_word' id='word_1_243' title='bbox 799 2800 823 2872; x_wconf 92' lang='lat'>1.</span> <span class='ocrx_word' id='word_1_244' title='bbox 840 2798 883 2869; x_wconf 89' lang='lat' dir='ltr'>de</span> <span class='ocrx_word' id='word_1_245' title='bbox 896 2796 1063 2868; x_wconf 83' lang='lat' dir='ltr'>eucharist.</span> <span class='ocrx_word' id='word_1_246' title='bbox 1083 2820 1155 2889; x_wconf 81' lang='lat' dir='ltr'>cap.</span> <span class='ocrx_word' id='word_1_247' title='bbox 1172 2805 1204 2867; x_wconf 83' lang='lat'>6.</span> <span class='ocrx_word' id='word_1_248' title='bbox 1223 2802 1256 2866; x_wconf 76' lang='grc' dir='ltr'>δι</span> <span class='ocrx_word' id='word_1_249' title='bbox 1276 2791 1330 2862; x_wconf 89' lang='lat' dir='ltr'>alii</span> <span class='ocrx_word' id='word_1_250' title='bbox 1375 2791 1580 2888; x_wconf 74' lang='lat' dir='ltr'>ueniri(*).</span> <span class='ocrx_word' id='word_1_251' title='bbox 1605 2795 1666 2866; x_wconf 89' lang='lat' dir='ltr'>Sed</span> <span class='ocrx_word' id='word_1_252' title='bbox 1682 2799 1902 2889; x_wconf 85' lang='lat' dir='ltr'>Hieronymus</span> <span class='ocrx_word' id='word_1_253' title='bbox 1916 2797 2129 2891; x_wconf 88' lang='lat' dir='ltr'>incap.XVl.</span> <span class='ocrx_word' id='word_1_254' title='bbox 2141 2799 2261 2867; x_wconf 88' lang='lat' dir='ltr'>Matth.</span> 
     </span>
     <span class='ocr_line' id='line_1_23' title="bbox 446 2885 2262 2995; baseline 0.003 -34"><span class='ocrx_word' id='word_1_255' title='bbox 446 2885 621 2988; x_wconf 88' lang='lat' dir='ltr'>scriptores</span> <span class='ocrx_word' id='word_1_256' title='bbox 643 2896 803 2990; x_wconf 85' lang='lat' dir='ltr'>pontificii</span> <span class='ocrx_word' id='word_1_257' title='bbox 823 2899 981 2975; x_wconf 69' lang='lat' dir='ltr'>llatunnt,</span> <span class='ocrx_word' id='word_1_258' title='bbox 1008 2893 1258 2978; x_wconf 87' lang='lat' dir='ltr'>CbtillumJob.</span> <span class='ocrx_word' id='word_1_259' title='bbox 1274 2894 1329 2960; x_wconf 82' lang='lat' dir='ltr'>Vl.</span> <span class='ocrx_word' id='word_1_260' title='bbox 1375 2888 1417 2962; x_wconf 85' lang='lat' dir='ltr'>de</span> <span class='ocrx_word' id='word_1_261' title='bbox 1432 2888 1496 2962; x_wconf 91' lang='lat' dir='ltr'>alio</span> <span class='ocrx_word' id='word_1_262' title='bbox 1510 2894 1631 2979; x_wconf 74' lang='lat' dir='ltr'>calice,</span> <span class='ocrx_word' id='word_1_263' title='bbox 1658 2895 1817 2995; x_wconf 90' lang='lat' dir='ltr'>quamde</span> <span class='ocrx_word' id='word_1_264' title='bbox 1847 2895 2060 2969; x_wconf 81' lang='lat' dir='ltr'>eucharillico</span> <span class='ocrx_word' id='word_1_265' title='bbox 2082 2921 2117 2969; x_wconf 89' lang='lat' dir='ltr'>ea</span> <span class='ocrx_word' id='word_1_266' title='bbox 2143 2895 2262 2967; x_wconf 86' lang='lat' dir='ltr'>iutelli-</span> 
     </span>
     <span class='ocr_line' id='line_1_24' title="bbox 446 2988 2262 3092; baseline 0.003 -31"><span class='ocrx_word' id='word_1_267' title='bbox 446 2988 729 3086; x_wconf 65' lang='lat' dir='ltr'>de‚sactamcntali</span> <span class='ocrx_word' id='word_1_268' title='bbox 749 2997 999 3069; x_wconf 77' lang='lat' dir='ltr'>manducatione</span> <span class='ocrx_word' id='word_1_269' title='bbox 1026 2993 1140 3092; x_wconf 90' lang='lat' dir='ltr'>loqui,</span> <span class='ocrx_word' id='word_1_270' title='bbox 1166 2992 1242 3064; x_wconf 89' lang='lat' dir='ltr'>ideo</span> <span class='ocrx_word' id='word_1_271' title='bbox 1259 3015 1330 3062; x_wconf 82' lang='lat' dir='ltr'>ma·</span> <span class='ocrx_word' id='word_1_272' title='bbox 1375 2990 1481 3084; x_wconf 87' lang='lat' dir='ltr'>geuda</span> <span class='ocrx_word' id='word_1_273' title='bbox 1499 2989 1560 3065; x_wconf 73' lang='lat' dir='ltr'>etse</span> <span class='ocrx_word' id='word_1_274' title='bbox 1580 2992 1759 3074; x_wconf 85' lang='lat' dir='ltr'>admonet,</span> <span class='ocrx_word' id='word_1_275' title='bbox 1786 3014 1954 3091; x_wconf 68' lang='lat' dir='ltr'>quarente</span> <span class='ocrx_word' id='word_1_276' title='bbox 1970 2996 2064 3068; x_wconf 88' lang='lat' dir='ltr'>verba</span> <span class='ocrx_word' id='word_1_277' title='bbox 2088 2995 2262 3067; x_wconf 89' lang='lat' dir='ltr'>inllitutio·</span> 
     </span>
     <span class='ocr_line' id='line_1_25' title="bbox 448 3086 2261 3194; baseline 0.004 -34"><span class='ocrx_word' id='word_1_278' title='bbox 448 3113 524 3160; x_wconf 88' lang='lat' dir='ltr'>ture</span> <span class='ocrx_word' id='word_1_279' title='bbox 543 3086 732 3187; x_wconf 84' lang='lat' dir='ltr'>dispiciant,</span> <span class='ocrx_word' id='word_1_280' title='bbox 758 3095 837 3192; x_wconf 91' lang='lat' dir='ltr'>quid</span> <span class='ocrx_word' id='word_1_281' title='bbox 853 3095 1029 3194; x_wconf 82' lang='lat' dir='ltr'>Augustino</span> <span class='ocrx_word' id='word_1_282' title='bbox 1044 3093 1152 3170; x_wconf 88' lang='lat' dir='ltr'>locum</span> <span class='ocrx_word' id='word_1_283' title='bbox 1174 3092 1262 3164; x_wconf 90' lang='lat' dir='ltr'>illum</span> <span class='ocrx_word' id='word_1_284' title='bbox 1277 3115 1331 3159; x_wconf 87' lang='lat' dir='ltr'>ve·</span> <span class='ocrx_word' id='word_1_285' title='bbox 1375 3093 1425 3156; x_wconf 84' lang='lat' dir='ltr'>nis</span> <span class='ocrx_word' id='word_1_286' title='bbox 1445 3089 1530 3182; x_wconf 87' lang='lat' dir='ltr'>apud</span> <span class='ocrx_word' id='word_1_287' title='bbox 1548 3093 1669 3163; x_wconf 84' lang='lat' dir='ltr'>Lucam</span> <span class='ocrx_word' id='word_1_288' title='bbox 1692 3092 1869 3172; x_wconf 88' lang='lat' dir='ltr'>habentur,</span> <span class='ocrx_word' id='word_1_289' title='bbox 1889 3092 2036 3169; x_wconf 88' lang='lat' dir='ltr'>Cbrillus</span> <span class='ocrx_word' id='word_1_290' title='bbox 2061 3099 2151 3168; x_wconf 89' lang='lat' dir='ltr'>enirn</span> <span class='ocrx_word' id='word_1_291' title='bbox 2171 3112 2261 3168; x_wconf 75' lang='lat' dir='ltr'>ante·</span> 
     </span>
     <span class='ocr_line' id='line_1_26' title="bbox 447 3185 2261 3291; baseline 0.004 -31"><span class='ocrx_word' id='word_1_292' title='bbox 447 3189 622 3261; x_wconf 84' lang='lat' dir='ltr'>hementcr</span> <span class='ocrx_word' id='word_1_293' title='bbox 658 3201 785 3291; x_wconf 88' lang='lat' dir='ltr'>urgenti</span> <span class='ocrx_word' id='word_1_294' title='bbox 811 3191 1004 3291; x_wconf 86' lang='lat' dir='ltr'>respondere</span> <span class='ocrx_word' id='word_1_295' title='bbox 1041 3191 1148 3264; x_wconf 84' lang='lat' dir='ltr'>velint.</span> <span class='ocrx_word' id='word_1_296' title='bbox 1199 3185 1327 3260; x_wconf 85' lang='lat' dir='ltr'>Wolff.</span> <span class='ocrx_word' id='word_1_297' title='bbox 1372 3210 1476 3279; x_wconf 85' lang='lat' dir='ltr'>quarn</span> <span class='ocrx_word' id='word_1_298' title='bbox 1491 3186 1748 3262; x_wconf 72' lang='lat' dir='ltr'>sarmamcoenaru</span> <span class='ocrx_word' id='word_1_299' title='bbox 1771 3189 1976 3271; x_wconf 77' lang='lat' dir='ltr'>institueret,</span> <span class='ocrx_word' id='word_1_300' title='bbox 2002 3219 2040 3266; x_wconf 85' lang='lat' dir='ltr'>ex</span> <span class='ocrx_word' id='word_1_301' title='bbox 2066 3199 2261 3267; x_wconf 87' lang='lat' dir='ltr'>veteteritu</span> 
     </span>
     <span class='ocr_line' id='line_1_27' title="bbox 446 3281 2258 3392; baseline 0.002 -35"><span class='ocrx_word' id='word_1_302' title='bbox 446 3311 573 3384; x_wconf 79' lang='lat' dir='ltr'>gangus</span> <span class='ocrx_word' id='word_1_303' title='bbox 595 3289 760 3366; x_wconf 73' lang='lat' dir='ltr'>Masculus</span> <span class='ocrx_word' id='word_1_304' title='bbox 777 3293 857 3379; x_wconf 70' lang='lat' dir='ltr'>,etfi</span> <span class='ocrx_word' id='word_1_305' title='bbox 881 3318 948 3365; x_wconf 73' lang='lat' dir='ltr'>non</span> <span class='ocrx_word' id='word_1_306' title='bbox 975 3289 1042 3363; x_wconf 83' lang='lat' dir='ltr'>vult</span> <span class='ocrx_word' id='word_1_307' title='bbox 1071 3290 1135 3363; x_wconf 73' lang='lat' dir='ltr'>esse</span> <span class='ocrx_word' id='word_1_308' title='bbox 1156 3288 1329 3392; x_wconf 52' lang='grc' dir='ltr'>’ἐξαρχφι</span> <span class='ocrx_word' id='word_1_309' title='bbox 1374 3281 1562 3368; x_wconf 82' lang='lat' dir='ltr'>Judaeorum</span> <span class='ocrx_word' id='word_1_310' title='bbox 1582 3289 1714 3362; x_wconf 86' lang='lat' dir='ltr'>calicem</span> <span class='ocrx_word' id='word_1_311' title='bbox 1731 3287 1907 3387; x_wconf 83' lang='lat' dir='ltr'>profanum</span> <span class='ocrx_word' id='word_1_312' title='bbox 1927 3285 1989 3362; x_wconf 89' lang='lat' dir='ltr'>suis</span> <span class='ocrx_word' id='word_1_313' title='bbox 2001 3293 2200 3390; x_wconf 83' lang='lat' dir='ltr'>porrigebat,</span> <span class='ocrx_word' id='word_1_314' title='bbox 2217 3319 2258 3366; x_wconf 85' lang='lat' dir='ltr'>ac</span> 
     </span>
     <span class='ocr_line' id='line_1_28' title="bbox 448 3383 2258 3482; baseline 0.006 -27"><span class='ocrx_word' id='word_1_315' title='bbox 448 3387 545 3476; x_wconf 86' lang='lat' dir='ltr'>hujus</span> <span class='ocrx_word' id='word_1_316' title='bbox 558 3391 660 3460; x_wconf 88' lang='lat' dir='ltr'>moris</span> <span class='ocrx_word' id='word_1_317' title='bbox 679 3392 892 3471; x_wconf 85' lang='lat' dir='ltr'>,admittendi</span> <span class='ocrx_word' id='word_1_318' title='bbox 908 3388 1023 3464; x_wconf 85' lang='lat' dir='ltr'>seilicet</span> <span class='ocrx_word' id='word_1_319' title='bbox 1037 3385 1175 3461; x_wconf 81' lang='lat' dir='ltr'>infantes</span> <span class='ocrx_word' id='word_1_320' title='bbox 1190 3398 1220 3458; x_wconf 88' lang='lat' dir='ltr'>in</span> <span class='ocrx_word' id='word_1_321' title='bbox 1236 3413 1329 3459; x_wconf 89' lang='lat' dir='ltr'>com·</span> <span class='ocrx_word' id='word_1_322' title='bbox 1375 3401 1411 3451; x_wconf 93' lang='lat' dir='ltr'>ut</span> <span class='ocrx_word' id='word_1_323' title='bbox 1435 3387 1519 3455; x_wconf 89' lang='lat' dir='ltr'>inter</span> <span class='ocrx_word' id='word_1_324' title='bbox 1545 3383 1576 3460; x_wconf 89' lang='lat' dir='ltr'>se</span> <span class='ocrx_word' id='word_1_325' title='bbox 1596 3389 1684 3461; x_wconf 90' lang='lat' dir='ltr'>illum</span> <span class='ocrx_word' id='word_1_326' title='bbox 1708 3389 1919 3465; x_wconf 76' lang='lat' dir='ltr'>dividerent.</span> <span class='ocrx_word' id='word_1_327' title='bbox 1951 3388 2093 3482; x_wconf 85' lang='lat' dir='ltr'>jubebat.</span> <span class='ocrx_word' id='word_1_328' title='bbox 2144 3391 2258 3464; x_wconf 85' lang='lat' dir='ltr'>Solent</span> 
     </span>
    </p>
   </div>
   <div class='ocr_carea' id='block_1_9' title="bbox 1426 1753 2263 1950">
    <p class='ocr_par' dir='ltr' id='par_1_10' title="bbox 1426 1753 2263 1950">
     <span class='ocr_line' id='line_1_29' title="bbox 1426 1753 2229 1852; baseline 0.01 -33"><span class='ocrx_word' id='word_1_329' title='bbox 1426 1753 1572 1838; x_wconf 81' lang='lat' dir='ltr'>Ebrius,</span> <span class='ocrx_word' id='word_1_330' title='bbox 1593 1756 1750 1850; x_wconf 79' lang='lat' dir='ltr'>infamis,</span> <span class='ocrx_word' id='word_1_331' title='bbox 1784 1778 1954 1841; x_wconf 77' lang='lat' dir='ltr'>erroneos,</span> <span class='ocrx_word' id='word_1_332' title='bbox 1975 1758 2229 1852; x_wconf 81' lang='lat' dir='ltr'>atquefotentrs</span> 
     </span>
     <span class='ocr_line' id='line_1_30' title="bbox 1426 1850 2263 1950; baseline 0.013 -29"><span class='ocrx_word' id='word_1_333' title='bbox 1426 1850 1628 1945; x_wconf 74' lang='lat' dir='ltr'>Campestris</span> <span class='ocrx_word' id='word_1_334' title='bbox 1638 1856 1777 1926; x_wconf 85' lang='lat' dir='ltr'>Domini</span> <span class='ocrx_word' id='word_1_335' title='bbox 1790 1880 1855 1925; x_wconf 83' lang='lat' dir='ltr'>non</span> <span class='ocrx_word' id='word_1_336' title='bbox 1868 1859 1977 1927; x_wconf 80' lang='lat' dir='ltr'>debent</span> <span class='ocrx_word' id='word_1_337' title='bbox 1978 1856 2111 1950; x_wconf 80' lang='lat' dir='ltr'>sumere</span> <span class='ocrx_word' id='word_1_338' title='bbox 2127 1878 2263 1950; x_wconf 63' lang='lat' dir='ltr'>corperea</span> 
     </span>
    </p>
   </div>
   <div class='ocr_carea' id='block_1_10' title="bbox 446 2195 1989 2399">
    <p class='ocr_par' dir='ltr' id='par_1_11' title="bbox 446 2195 1989 2399">
     <span class='ocr_line' id='line_1_31' title="bbox 446 2195 1989 2371; baseline 0.002 -101"><span class='ocrx_word' id='word_1_339' title='bbox 446 2207 668 2371; x_wconf 67' lang='lat' dir='ltr'>ptimanatum</span> <span class='ocrx_word' id='word_1_340' title='bbox 682 2201 857 2274; x_wconf 87' lang='lat' dir='ltr'>infantibus</span> <span class='ocrx_word' id='word_1_341' title='bbox 874 2204 1015 2300; x_wconf 84' lang='lat' dir='ltr'>praebent</span> <span class='ocrx_word' id='word_1_342' title='bbox 1028 2202 1252 2274; x_wconf 84' lang='lat' dir='ltr'>eucharistiam</span> <span class='ocrx_word' id='word_1_343' title='bbox 1266 2196 1334 2268; x_wconf 91' lang='lat' dir='ltr'>die·</span> <span class='ocrx_word' id='word_1_344' title='bbox 1367 2195 1507 2290; x_wconf 81' lang='lat' dir='ltr'>stipulis</span> <span class='ocrx_word' id='word_1_345' title='bbox 1532 2199 1611 2291; x_wconf 81' lang='lat' dir='ltr'>usus</span> <span class='ocrx_word' id='word_1_346' title='bbox 1628 2201 1764 2295; x_wconf 74' lang='lat' dir='ltr'>fuerit?</span> <span class='ocrx_word' id='word_1_347' title='bbox 1799 2200 1897 2299; x_wconf 83' lang='lat' dir='ltr'>Resp.</span> <span class='ocrx_word' id='word_1_348' title='bbox 1924 2219 1989 2274; x_wconf 83' lang='lat' dir='ltr'>ttu-</span> 
     </span>
     <span class='ocr_line' id='line_1_32' title="bbox 475 2294 1986 2399; baseline 0.005 -29"><span class='ocrx_word' id='word_1_349' title='bbox 475 2327 511 2371; x_wconf 85' lang='lat' dir='ltr'>ua</span> <span class='ocrx_word' id='word_1_350' title='bbox 545 2307 747 2398; x_wconf 82' lang='lat' dir='ltr'>purgationis</span> <span class='ocrx_word' id='word_1_351' title='bbox 777 2326 943 2399; x_wconf 81' lang='lat' dir='ltr'>puerperae</span> <span class='ocrx_word' id='word_1_352' title='bbox 979 2298 1140 2373; x_wconf 85' lang='lat' dir='ltr'>absolutis.</span> <span class='ocrx_word' id='word_1_353' title='bbox 1193 2300 1332 2394; x_wconf 89' lang='lat' dir='ltr'>Opinio·</span> <span class='ocrx_word' id='word_1_354' title='bbox 1376 2294 1658 2392; x_wconf 86' lang='lat' dir='ltr'>gullinuslibr.ll.</span> <span class='ocrx_word' id='word_1_355' title='bbox 1680 2299 1720 2372; x_wconf 88' lang='lat' dir='ltr'>de</span> <span class='ocrx_word' id='word_1_356' title='bbox 1745 2301 1852 2374; x_wconf 70' lang='lat' dir='ltr'>doslt.</span> <span class='ocrx_word' id='word_1_357' title='bbox 1877 2301 1986 2377; x_wconf 80' lang='lat' dir='ltr'>chrisi.</span> 
     </span>
    </p>
   </div>
   <div class='ocr_carea' id='block_1_11' title="bbox 448 3485 2378 3585">
    <p class='ocr_par' dir='ltr' id='par_1_12' title="bbox 448 3485 2378 3585">
     <span class='ocr_line' id='line_1_33' title="bbox 448 3485 2378 3585; baseline 0.005 -29"><span class='ocrx_word' id='word_1_358' title='bbox 448 3489 642 3559; x_wconf 88' lang='lat' dir='ltr'>munionem</span> <span class='ocrx_word' id='word_1_359' title='bbox 661 3516 782 3579; x_wconf 83' lang='lat' dir='ltr'>coenae,</span> <span class='ocrx_word' id='word_1_360' title='bbox 806 3511 912 3563; x_wconf 88' lang='lat' dir='ltr'>tamen</span> <span class='ocrx_word' id='word_1_361' title='bbox 922 3490 1061 3562; x_wconf 88' lang='lat' dir='ltr'>eundem</span> <span class='ocrx_word' id='word_1_362' title='bbox 1080 3511 1147 3559; x_wconf 88' lang='lat' dir='ltr'>non</span> <span class='ocrx_word' id='word_1_363' title='bbox 1162 3485 1329 3585; x_wconf 87' lang='lat' dir='ltr'>improbat</span> <span class='ocrx_word' id='word_1_364' title='bbox 1377 3485 1464 3550; x_wconf 89' lang='lat' dir='ltr'>enirn</span> <span class='ocrx_word' id='word_1_365' title='bbox 1479 3485 1602 3575; x_wconf 83' lang='lat' dir='ltr'>Judaei,</span> <span class='ocrx_word' id='word_1_366' title='bbox 1630 3495 1706 3562; x_wconf 83' lang='lat' dir='ltr'>ut&amp;</span> <span class='ocrx_word' id='word_1_367' title='bbox 1722 3488 1844 3565; x_wconf 81' lang='lat' dir='ltr'>hodie,</span> <span class='ocrx_word' id='word_1_368' title='bbox 1869 3489 2010 3560; x_wconf 71' lang='lat' dir='ltr'>maxime</span> <span class='ocrx_word' id='word_1_369' title='bbox 2022 3492 2055 3557; x_wconf 92' lang='lat' dir='ltr'>in</span> <span class='ocrx_word' id='word_1_370' title='bbox 2076 3488 2257 3580; x_wconf 78' lang='lat' dir='ltr'>majoribus</span> <span class='ocrx_word' id='word_1_371' title='bbox 2371 3523 2378 3534; x_wconf 65' lang='lat'><strong>¹</strong></span> 
     </span>
    </p>
   </div>
   <div class='ocr_carea' id='block_1_12' title="bbox 400 3577 2258 4082">
    <p class='ocr_par' dir='ltr' id='par_1_13' title="bbox 400 3577 2258 4082">
     <span class='ocr_line' id='line_1_34' title="bbox 400 3577 2256 3685; baseline 0.003 -34"><span class='ocrx_word' id='word_1_372' title='bbox 400 3629 413 3644; x_wconf 83' lang='lat'>.</span> <span class='ocrx_word' id='word_1_373' title='bbox 447 3582 483 3652; x_wconf 94' lang='lat' dir='ltr'>in</span> <span class='ocrx_word' id='word_1_374' title='bbox 507 3580 570 3654; x_wconf 90' lang='lat' dir='ltr'>loc.</span> <span class='ocrx_word' id='word_1_375' title='bbox 593 3611 717 3658; x_wconf 89' lang='lat' dir='ltr'>comm.</span> <span class='ocrx_word' id='word_1_376' title='bbox 737 3613 768 3684; x_wconf 89' lang='lat' dir='ltr'>p.</span> <span class='ocrx_word' id='word_1_377' title='bbox 790 3612 871 3673; x_wconf 85' lang='lat'><strong>³7¹·</strong></span> <span class='ocrx_word' id='word_1_378' title='bbox 921 3589 981 3661; x_wconf 88' lang='lat' dir='ltr'>Sed</span> <span class='ocrx_word' id='word_1_379' title='bbox 1005 3591 1189 3660; x_wconf 84' lang='lat' dir='ltr'>enimcum</span> <span class='ocrx_word' id='word_1_380' title='bbox 1214 3612 1328 3682; x_wconf 84' lang='lat' dir='ltr'>parvu·</span> <span class='ocrx_word' id='word_1_381' title='bbox 1376 3577 1641 3664; x_wconf 72' lang='lat' dir='ltr'>solennitatibus,</span> <span class='ocrx_word' id='word_1_382' title='bbox 1682 3583 1716 3658; x_wconf 89' lang='lat' dir='ltr'>id</span> <span class='ocrx_word' id='word_1_383' title='bbox 1746 3586 1940 3665; x_wconf 83' lang='lat' dir='ltr'>obseruate,</span> <span class='ocrx_word' id='word_1_384' title='bbox 1966 3604 2001 3658; x_wconf 91' lang='lat' dir='ltr'>ut</span> <span class='ocrx_word' id='word_1_385' title='bbox 2024 3583 2256 3685; x_wconf 82' lang='lat' dir='ltr'>paterfamilias</span> 
     </span>
     <span class='ocr_line' id='line_1_35' title="bbox 446 3679 2258 3786; baseline 0.002 -34"><span class='ocrx_word' id='word_1_386' title='bbox 446 3679 472 3752; x_wconf 95' lang='lat' dir='ltr'>li</span> <span class='ocrx_word' id='word_1_387' title='bbox 490 3681 546 3750; x_wconf 90' lang='lat' dir='ltr'>usu</span> <span class='ocrx_word' id='word_1_388' title='bbox 563 3688 696 3756; x_wconf 87' lang='lat' dir='ltr'>rationis</span> <span class='ocrx_word' id='word_1_389' title='bbox 713 3686 853 3760; x_wconf 86' lang='lat' dir='ltr'>dellituti</span> <span class='ocrx_word' id='word_1_390' title='bbox 878 3681 909 3756; x_wconf 86' lang='lat' dir='ltr'>se</span> <span class='ocrx_word' id='word_1_391' title='bbox 926 3684 1009 3784; x_wconf 81' lang='lat' dir='ltr'>ipsos</span> <span class='ocrx_word' id='word_1_392' title='bbox 1026 3688 1185 3781; x_wconf 85' lang='lat' dir='ltr'>probare,</span> <span class='ocrx_word' id='word_1_393' title='bbox 1210 3693 1243 3758; x_wconf 74' lang='lat' dir='ltr'>dt</span> <span class='ocrx_word' id='word_1_394' title='bbox 1257 3709 1330 3758; x_wconf 88' lang='lat' dir='ltr'>cor·</span> <span class='ocrx_word' id='word_1_395' title='bbox 1376 3699 1430 3748; x_wconf 88' lang='lat' dir='ltr'>aut</span> <span class='ocrx_word' id='word_1_396' title='bbox 1451 3680 1553 3759; x_wconf 66' lang='lat' dir='ltr'>nlius,</span> <span class='ocrx_word' id='word_1_397' title='bbox 1578 3690 1634 3785; x_wconf 90' lang='lat' dir='ltr'>qui</span> <span class='ocrx_word' id='word_1_398' title='bbox 1651 3684 1691 3760; x_wconf 86' lang='lat' dir='ltr'>ad</span> <span class='ocrx_word' id='word_1_399' title='bbox 1710 3682 1852 3758; x_wconf 87' lang='lat' dir='ltr'>mensam</span> <span class='ocrx_word' id='word_1_400' title='bbox 1874 3684 2017 3759; x_wconf 87' lang='lat' dir='ltr'>consedit</span> <span class='ocrx_word' id='word_1_401' title='bbox 2033 3686 2187 3784; x_wconf 82' lang='lat' dir='ltr'>dignior,</span> <span class='ocrx_word' id='word_1_402' title='bbox 2202 3712 2258 3786; x_wconf 81' lang='lat' dir='ltr'>pa·</span> 
     </span>
     <span class='ocr_line' id='line_1_36' title="bbox 445 3780 2257 3883; baseline 0.008 -33"><span class='ocrx_word' id='word_1_403' title='bbox 445 3803 509 3878; x_wconf 84' lang='lat' dir='ltr'>pus</span> <span class='ocrx_word' id='word_1_404' title='bbox 539 3785 677 3854; x_wconf 87' lang='lat' dir='ltr'>Domini</span> <span class='ocrx_word' id='word_1_405' title='bbox 704 3781 885 3859; x_wconf 86' lang='lat' dir='ltr'>discernere</span> <span class='ocrx_word' id='word_1_406' title='bbox 915 3809 972 3881; x_wconf 90' lang='lat' dir='ltr'>per</span> <span class='ocrx_word' id='word_1_407' title='bbox 994 3803 1118 3854; x_wconf 77' lang='lat' dir='ltr'>atatem</span> <span class='ocrx_word' id='word_1_408' title='bbox 1144 3803 1329 3880; x_wconf 84' lang='lat' dir='ltr'>nequeant,</span> <span class='ocrx_word' id='word_1_409' title='bbox 1375 3780 1500 3849; x_wconf 90' lang='lat' dir='ltr'>nemin</span> <span class='ocrx_word' id='word_1_410' title='bbox 1516 3785 1666 3858; x_wconf 88' lang='lat' dir='ltr'>manibus</span> <span class='ocrx_word' id='word_1_411' title='bbox 1680 3780 1848 3864; x_wconf 70' lang='lat' dir='ltr'>sumtum»</span> <span class='ocrx_word' id='word_1_412' title='bbox 1872 3811 1909 3857; x_wconf 75' lang='lat'>20</span> <span class='ocrx_word' id='word_1_413' title='bbox 1932 3784 2051 3859; x_wconf 76' lang='lat' dir='ltr'>deinde</span> <span class='ocrx_word' id='word_1_414' title='bbox 2072 3809 2130 3882; x_wconf 87' lang='lat' dir='ltr'>pet</span> <span class='ocrx_word' id='word_1_415' title='bbox 2152 3807 2257 3883; x_wconf 68' lang='lat' dir='ltr'>perles</span> 
     </span>
     <span class='ocr_line' id='line_1_37' title="bbox 446 3871 2257 3983; baseline 0.009 -35"><span class='ocrx_word' id='word_1_416' title='bbox 446 3877 538 3973; x_wconf 89' lang='lat' dir='ltr'>quod</span> <span class='ocrx_word' id='word_1_417' title='bbox 559 3897 669 3952; x_wconf 86' lang='lat' dir='ltr'>tamen</span> <span class='ocrx_word' id='word_1_418' title='bbox 688 3883 727 3953; x_wconf 92' lang='lat' dir='ltr'>ab</span> <span class='ocrx_word' id='word_1_419' title='bbox 749 3886 898 3957; x_wconf 89' lang='lat' dir='ltr'>omnibus</span> <span class='ocrx_word' id='word_1_420' title='bbox 921 3885 1011 3972; x_wconf 84' lang='lat' dir='ltr'>hujus</span> <span class='ocrx_word' id='word_1_421' title='bbox 1028 3882 1160 3953; x_wconf 88' lang='lat' dir='ltr'>coelellis</span> <span class='ocrx_word' id='word_1_422' title='bbox 1181 3887 1328 3955; x_wconf 82' lang='lat' dir='ltr'>convivii</span> <span class='ocrx_word' id='word_1_423' title='bbox 1376 3871 1519 3950; x_wconf 73' lang='lat' dir='ltr'>fractum</span> <span class='ocrx_word' id='word_1_424' title='bbox 1549 3883 1718 3956; x_wconf 90' lang='lat' dir='ltr'>dislribuat</span> <span class='ocrx_word' id='word_1_425' title='bbox 1748 3890 1918 3963; x_wconf 75' lang='lat' dir='ltr'>convivis,</span> <span class='ocrx_word' id='word_1_426' title='bbox 1952 3910 2020 3983; x_wconf 80' lang='lat' dir='ltr'>quo</span> <span class='ocrx_word' id='word_1_427' title='bbox 2048 3888 2114 3956; x_wconf 91' lang='lat' dir='ltr'>ritu</span> <span class='ocrx_word' id='word_1_428' title='bbox 2136 3887 2257 3962; x_wconf 78' lang='lat' dir='ltr'>deindo</span> 
     </span>
     <span class='ocr_line' id='line_1_38' title="bbox 445 3971 2255 4082; baseline 0.006 -36"><span class='ocrx_word' id='word_1_429' title='bbox 445 3971 629 4072; x_wconf 85' lang='lat' dir='ltr'>hospitibus</span> <span class='ocrx_word' id='word_1_430' title='bbox 666 3981 830 4077; x_wconf 86' lang='lat' dir='ltr'>aposlolus</span> <span class='ocrx_word' id='word_1_431' title='bbox 857 3985 1015 4081; x_wconf 87' lang='lat' dir='ltr'>requirit,</span> <span class='ocrx_word' id='word_1_432' title='bbox 1046 4004 1057 4044; x_wconf 91' lang='grc' dir='ltr'>ι</span> <span class='ocrx_word' id='word_1_433' title='bbox 1079 3985 1160 4056; x_wconf 88' lang='lat' dir='ltr'>Cor.</span> <span class='ocrx_word' id='word_1_434' title='bbox 1186 3981 1250 4058; x_wconf 86' lang='lat' dir='ltr'>XI.</span> <span class='ocrx_word' id='word_1_435' title='bbox 1271 3991 1327 4069; x_wconf 77' lang='lat'>26,</span> <span class='ocrx_word' id='word_1_436' title='bbox 1375 3974 1660 4070; x_wconf 71' lang='lat' dir='ltr'>circutrtfemnt&amp;</span> <span class='ocrx_word' id='word_1_437' title='bbox 1677 3983 1832 4082; x_wconf 84' lang='lat' dir='ltr'>poculum</span> <span class='ocrx_word' id='word_1_438' title='bbox 1859 3989 1891 4055; x_wconf 95' lang='lat' dir='ltr'>in</span> <span class='ocrx_word' id='word_1_439' title='bbox 1916 3983 2104 4059; x_wconf 84' lang='lat' dir='ltr'>concordiae</span> <span class='ocrx_word' id='word_1_440' title='bbox 2123 3979 2255 4077; x_wconf 89' lang='lat' dir='ltr'>symbo-</span> 
     </span>
    </p>
   </div>
   <div class='ocr_carea' id='block_1_13' title="bbox 446 4069 2255 4253">
    <p class='ocr_par' dir='ltr' id='par_1_14' title="bbox 446 4069 2255 4253">
     <span class='ocr_line' id='line_1_39' title="bbox 446 4069 2255 4253; baseline 0.003 -105"><span class='ocrx_word' id='word_1_441' title='bbox 446 4089 518 4162; x_wconf 81' lang='lat'>28,</span> <span class='ocrx_word' id='word_1_442' title='bbox 540 4098 596 4155; x_wconf 86' lang='lat'>29.</span> <span class='ocrx_word' id='word_1_443' title='bbox 622 4078 699 4152; x_wconf 91' lang='lat' dir='ltr'>ideo</span> <span class='ocrx_word' id='word_1_444' title='bbox 714 4079 756 4150; x_wconf 91' lang='lat' dir='ltr'>ab</span> <span class='ocrx_word' id='word_1_445' title='bbox 774 4079 831 4154; x_wconf 91' lang='lat' dir='ltr'>usu</span> <span class='ocrx_word' id='word_1_446' title='bbox 849 4076 944 4152; x_wconf 82' lang='lat' dir='ltr'>sacrae</span> <span class='ocrx_word' id='word_1_447' title='bbox 964 4105 1060 4152; x_wconf 80' lang='lat' dir='ltr'>coena</span> <span class='ocrx_word' id='word_1_448' title='bbox 1077 4086 1195 4152; x_wconf 70' lang='lat' dir='ltr'>memo</span> <span class='ocrx_word' id='word_1_449' title='bbox 1218 4105 1328 4154; x_wconf 87' lang='lat' dir='ltr'>arcen-</span> <span class='ocrx_word' id='word_1_450' title='bbox 1373 4069 1456 4244; x_wconf 49' lang='lat' dir='ltr'>lun&amp;</span> <span class='ocrx_word' id='word_1_451' title='bbox 1508 4077 1604 4154; x_wconf 83' lang='lat' dir='ltr'>Hane</span> <span class='ocrx_word' id='word_1_452' title='bbox 1616 4085 1919 4181; x_wconf 82' lang='lat' dir='ltr'>interpretationem</span> <span class='ocrx_word' id='word_1_453' title='bbox 1940 4081 2143 4180; x_wconf 68' lang='lat' dir='ltr'>ampledlitur</span> <span class='ocrx_word' id='word_1_454' title='bbox 2158 4089 2255 4253; x_wconf 60' lang='lat' dir='ltr'>critola</span> 
     </span>
     <span class='ocr_line' id='line_1_40' title="bbox 1464 4183 2225 4253; baseline 0.009 -7"><span class='ocrx_word' id='word_1_455' title='bbox 1464 4197 1482 4244; x_wconf 89' lang='lat' dir='ltr'>c</span> <span class='ocrx_word' id='word_1_456' title='bbox 1510 4203 1530 4249; x_wconf 87' lang='lat'><em>2</em></span> <span class='ocrx_word' id='word_1_457' title='bbox 1936 4212 1938 4216; x_wconf 94' lang='lat'>·</span> <span class='ocrx_word' id='word_1_458' title='bbox 2181 4183 2225 4253; x_wconf 83' lang='lat' dir='ltr'>lie</span> 
     </span>
    </p>
   </div>
   <div class='ocr_carea' id='block_1_14' title="bbox 464 4323 2314 5099">
    <p class='ocr_par' dir='ltr' id='par_1_15' title="bbox 512 4351 2045 4394">
     <span class='ocr_line' id='line_1_41' title="bbox 512 4351 2045 4394; baseline 0.007 -27"><span class='ocrx_word' id='word_1_459' title='bbox 512 4351 531 4394; x_wconf 47' lang='grc' dir='ltr'>ι,</span> <span class='ocrx_word' id='word_1_460' title='bbox 993 4359 1000 4370; x_wconf 97' lang='grc'><strong>.</strong></span> <span class='ocrx_word' id='word_1_461' title='bbox 1723 4361 1730 4375; x_wconf 96' lang='grc'><strong>.</strong></span> <span class='ocrx_word' id='word_1_462' title='bbox 2007 4362 2045 4377; x_wconf 93' lang='grc'>..</span> 
     </span>
    </p>

    <p class='ocr_par' dir='ltr' id='par_1_16' title="bbox 486 4323 2252 4691">
     <span class='ocr_line' id='line_1_42' title="bbox 486 4323 2252 4528; baseline 0.005 -35"><span class='ocrx_word' id='word_1_463' title='bbox 486 4351 1326 4528; x_wconf 52' lang='lat' dir='ltr'>‘lillis?2⁹⁵¹.“s·.i¹.¹·2?tlt0:ttn¹tstatutt</span> <span class='ocrx_word' id='word_1_464' title='bbox 1368 4323 1413 4408; x_wconf 64' lang='lat'>⁸</span> <span class='ocrx_word' id='word_1_465' title='bbox 1473 4359 1620 4510; x_wconf 59' lang='lat' dir='ltr'>itu:</span> <span class='ocrx_word' id='word_1_466' title='bbox 1633 4361 1769 4503; x_wconf 64' lang='lat' dir='ltr'>tuti</span> <span class='ocrx_word' id='word_1_467' title='bbox 1784 4357 2252 4526; x_wconf 61' lang='lat' dir='ltr'>ttulit-&#39;tiltulttttgt</span> 
     </span>
     <span class='ocr_line' id='line_1_43' title="bbox 548 4513 2251 4664; baseline 0.006 -89"><span class='ocrx_word' id='word_1_468' title='bbox 548 4513 585 4578; x_wconf 87' lang='lat' dir='ltr'>V.</span> <span class='ocrx_word' id='word_1_469' title='bbox 601 4517 685 4576; x_wconf 84' lang='lat' dir='ltr'>Cant.</span> <span class='ocrx_word' id='word_1_470' title='bbox 704 4539 735 4598; x_wconf 90' lang='lat' dir='ltr'>p.</span> <span class='ocrx_word' id='word_1_471' title='bbox 753 4535 827 4601; x_wconf 77' lang='lat'>305·</span> <span class='ocrx_word' id='word_1_472' title='bbox 844 4522 949 4582; x_wconf 84' lang='lat' dir='ltr'>itidem</span> <span class='ocrx_word' id='word_1_473' title='bbox 965 4521 1131 4584; x_wconf 82' lang='lat' dir='ltr'>adfirmant.</span> <span class='ocrx_word' id='word_1_474' title='bbox 1174 4523 1237 4664; x_wconf 41' lang='lat' dir='ltr'>gat·</span> <span class='ocrx_word' id='word_1_475' title='bbox 1251 4541 1330 4598; x_wconf 74' lang='lat' dir='ltr'>›tiata-¹</span> <span class='ocrx_word' id='word_1_476' title='bbox 1474 4520 1569 4585; x_wconf 80' lang='lat' dir='ltr'>stittus</span> <span class='ocrx_word' id='word_1_477' title='bbox 1583 4524 1650 4588; x_wconf 86' lang='lat' dir='ltr'>libr.</span> <span class='ocrx_word' id='word_1_478' title='bbox 1668 4524 1703 4589; x_wconf 86' lang='lat' dir='ltr'>V.</span> <span class='ocrx_word' id='word_1_479' title='bbox 1718 4523 1756 4584; x_wconf 82' lang='lat' dir='ltr'>de</span> <span class='ocrx_word' id='word_1_480' title='bbox 1770 4527 1848 4584; x_wconf 81' lang='lat' dir='ltr'>corst&#39;.</span> <span class='ocrx_word' id='word_1_481' title='bbox 1865 4542 1971 4606; x_wconf 81' lang='lat' dir='ltr'>evang.</span> <span class='ocrx_word' id='word_1_482' title='bbox 1988 4543 2013 4586; x_wconf 89' lang='lat' dir='ltr'>c.</span> <span class='ocrx_word' id='word_1_483' title='bbox 2035 4539 2060 4583; x_wconf 85' lang='lat'>1.</span> <span class='ocrx_word' id='word_1_484' title='bbox 2079 4523 2111 4584; x_wconf 76' lang='grc' dir='ltr'>δι</span> <span class='ocrx_word' id='word_1_485' title='bbox 2127 4523 2177 4582; x_wconf 86' lang='lat' dir='ltr'>alii</span> <span class='ocrx_word' id='word_1_486' title='bbox 2200 4526 2251 4584; x_wconf 83' lang='lat' dir='ltr'>de·</span> 
     </span>
     <span class='ocr_line' id='line_1_44' title="bbox 549 4594 2251 4691; baseline 0.008 -36"><span class='ocrx_word' id='word_1_487' title='bbox 549 4594 660 4656; x_wconf 76' lang='lat' dir='ltr'>ducavit</span> <span class='ocrx_word' id='word_1_488' title='bbox 675 4617 774 4679; x_wconf 76' lang='lat' dir='ltr'>agatem</span> <span class='ocrx_word' id='word_1_489' title='bbox 783 4605 904 4680; x_wconf 66' lang='lat' dir='ltr'>typicum</span> <span class='ocrx_word' id='word_1_490' title='bbox 920 4601 986 4680; x_wconf 76' lang='lat' dir='ltr'>Iegis</span> <span class='ocrx_word' id='word_1_491' title='bbox 1002 4606 1124 4672; x_wconf 82' lang='lat' dir='ltr'>veteris,</span> <span class='ocrx_word' id='word_1_492' title='bbox 1145 4623 1192 4666; x_wconf 81' lang='lat' dir='ltr'>ma</span> <span class='ocrx_word' id='word_1_493' title='bbox 1203 4625 1231 4664; x_wconf 86' lang='lat' dir='ltr'>to</span> <span class='ocrx_word' id='word_1_494' title='bbox 1241 4608 1326 4684; x_wconf 72' lang='lat' dir='ltr'>magia</span> <span class='ocrx_word' id='word_1_495' title='bbox 1473 4603 1600 4667; x_wconf 84' lang='lat' dir='ltr'>ducunt·</span> <span class='ocrx_word' id='word_1_496' title='bbox 1643 4603 1706 4691; x_wconf 67' lang='lat' dir='ltr'>,Qui</span> <span class='ocrx_word' id='word_1_497' title='bbox 1715 4623 1805 4664; x_wconf 82' lang='lat' dir='ltr'>autent</span> <span class='ocrx_word' id='word_1_498' title='bbox 1821 4609 1921 4680; x_wconf 82' lang='lat' dir='ltr'>accepit</span> <span class='ocrx_word' id='word_1_499' title='bbox 1942 4603 2086 4682; x_wconf 71' lang='lat' dir='ltr'>poculum,</span> <span class='ocrx_word' id='word_1_500' title='bbox 2107 4609 2201 4681; x_wconf 77' lang='lat' dir='ltr'>utique</span> <span class='ocrx_word' id='word_1_501' title='bbox 2213 4605 2251 4666; x_wconf 66' lang='lat' dir='ltr'>sa*</span> 
     </span>
    </p>

    <p class='ocr_par' dir='ltr' id='par_1_17' title="bbox 478 4673 2250 5008">
     <span class='ocr_line' id='line_1_45' title="bbox 478 4673 2250 4824; baseline 0.008 -93"><span class='ocrx_word' id='word_1_502' title='bbox 478 4733 483 4742; x_wconf 76' lang='grc'><strong>,</strong></span> <span class='ocrx_word' id='word_1_503' title='bbox 546 4673 644 4734; x_wconf 76' lang='lat' dir='ltr'>debuit</span> <span class='ocrx_word' id='word_1_504' title='bbox 658 4682 821 4772; x_wconf 54' lang='lat' dir='ltr'>cumcuma</span> <span class='ocrx_word' id='word_1_505' title='bbox 833 4701 932 4762; x_wconf 70' lang='lat' dir='ltr'>agnam</span> <span class='ocrx_word' id='word_1_506' title='bbox 943 4681 1082 4754; x_wconf 68' lang='lat' dir='ltr'>mytram</span> <span class='ocrx_word' id='word_1_507' title='bbox 1102 4703 1178 4746; x_wconf 78' lang='lat' dir='ltr'>trove</span> <span class='ocrx_word' id='word_1_508' title='bbox 1197 4685 1278 4767; x_wconf 59' lang='lat'>&#39;⁶03³’</span> <span class='ocrx_word' id='word_1_509' title='bbox 1291 4701 1325 4744; x_wconf 81' lang='lat' dir='ltr'>ae</span> <span class='ocrx_word' id='word_1_510' title='bbox 1474 4683 2089 4824; x_wconf 50' lang='lat' dir='ltr'>pmii,utliutbymiusachteopbyladtut</span> <span class='ocrx_word' id='word_1_511' title='bbox 2102 4684 2130 4742; x_wconf 91' lang='lat' dir='ltr'>in</span> <span class='ocrx_word' id='word_1_512' title='bbox 2141 4683 2250 4746; x_wconf 78' lang='lat' dir='ltr'>blattis.</span> 
     </span>
     <span class='ocr_line' id='line_1_46' title="bbox 549 4751 2249 4846; baseline 0.004 -29"><span class='ocrx_word' id='word_1_513' title='bbox 549 4751 630 4834; x_wconf 56' lang='lat' dir='ltr'>&amp;gem</span> <span class='ocrx_word' id='word_1_514' title='bbox 651 4757 776 4837; x_wconf 72' lang='lat' dir='ltr'>implerer</span> <span class='ocrx_word' id='word_1_515' title='bbox 802 4779 920 4822; x_wconf 80' lang='lat' dir='ltr'>vetereto</span> <span class='ocrx_word' id='word_1_516' title='bbox 935 4801 945 4830; x_wconf 87' lang='lat'><strong>,</strong></span> <span class='ocrx_word' id='word_1_517' title='bbox 961 4761 999 4824; x_wconf 70' lang='lat' dir='ltr'>b·</span> <span class='ocrx_word' id='word_1_518' title='bbox 1021 4783 1119 4824; x_wconf 81' lang='lat' dir='ltr'>trovam</span> <span class='ocrx_word' id='word_1_519' title='bbox 1130 4765 1184 4846; x_wconf 79' lang='lat' dir='ltr'>sao</span> <span class='ocrx_word' id='word_1_520' title='bbox 1205 4763 1326 4844; x_wconf 76' lang='lat' dir='ltr'>exemplo</span> <span class='ocrx_word' id='word_1_521' title='bbox 1504 4765 1581 4830; x_wconf 83' lang='lat' dir='ltr'>Xlll.</span> <span class='ocrx_word' id='word_1_522' title='bbox 1604 4768 1748 4825; x_wconf 80' lang='lat' dir='ltr'>inierunt.</span> <span class='ocrx_word' id='word_1_523' title='bbox 1777 4765 1879 4843; x_wconf 62' lang='lat' dir='ltr'>Quieti,</span> <span class='ocrx_word' id='word_1_524' title='bbox 1906 4766 2006 4844; x_wconf 85' lang='lat' dir='ltr'>inquit</span> <span class='ocrx_word' id='word_1_525' title='bbox 2026 4761 2105 4842; x_wconf 78' lang='lat' dir='ltr'>Chry</span> <span class='ocrx_word' id='word_1_526' title='bbox 2118 4761 2249 4824; x_wconf 86' lang='lat' dir='ltr'>ostotnua</span> 
     </span>
     <span class='ocr_line' id='line_1_47' title="bbox 546 4835 2248 4928; baseline 0.003 -29"><span class='ocrx_word' id='word_1_527' title='bbox 546 4835 704 4906; x_wconf 60' lang='lat' dir='ltr'>tutum,</span> <span class='ocrx_word' id='word_1_528' title='bbox 726 4841 796 4902; x_wconf 73' lang='lat' dir='ltr'>ude</span> <span class='ocrx_word' id='word_1_529' title='bbox 812 4839 997 4922; x_wconf 66' lang='lat' dir='ltr'>multomagis</span> <span class='ocrx_word' id='word_1_530' title='bbox 1013 4841 1046 4900; x_wconf 75' lang='lat' dir='ltr'>de</span> <span class='ocrx_word' id='word_1_531' title='bbox 1066 4843 1115 4906; x_wconf 80' lang='lat' dir='ltr'>bac</span> <span class='ocrx_word' id='word_1_532' title='bbox 1133 4865 1213 4928; x_wconf 79' lang='lat' dir='ltr'>qaam</span> <span class='ocrx_word' id='word_1_533' title='bbox 1229 4849 1261 4906; x_wconf 80' lang='lat' dir='ltr'>de</span> <span class='ocrx_word' id='word_1_534' title='bbox 1277 4847 1327 4908; x_wconf 80' lang='lat' dir='ltr'>allo</span> <span class='ocrx_word' id='word_1_535' title='bbox 1472 4841 1554 4911; x_wconf 84' lang='lat' dir='ltr'>bom.</span> <span class='ocrx_word' id='word_1_536' title='bbox 1570 4845 1728 4908; x_wconf 79' lang='lat' dir='ltr'>Lxxxut.</span> <span class='ocrx_word' id='word_1_537' title='bbox 1750 4847 1780 4904; x_wconf 91' lang='lat' dir='ltr'>in</span> <span class='ocrx_word' id='word_1_538' title='bbox 1795 4847 1905 4906; x_wconf 80' lang='lat' dir='ltr'>Martis.</span> <span class='ocrx_word' id='word_1_539' title='bbox 1926 4841 2069 4922; x_wconf 79' lang='lat' dir='ltr'>oportebat</span> <span class='ocrx_word' id='word_1_540' title='bbox 2087 4847 2196 4922; x_wconf 49' lang='lat' dir='ltr'>¹plaeere,</span> <span class='ocrx_word' id='word_1_541' title='bbox 2214 4864 2248 4904; x_wconf 80' lang='lat' dir='ltr'>rte</span> 
     </span>
     <span class='ocr_line' id='line_1_48' title="bbox 547 4911 2247 5008; baseline 0.006 -35"><span class='ocrx_word' id='word_1_542' title='bbox 547 4911 645 4978; x_wconf 71' lang='lat' dir='ltr'>diaria:</span> <span class='ocrx_word' id='word_1_543' title='bbox 664 4915 816 4982; x_wconf 68' lang='lat' dir='ltr'>Mauro</span> <span class='ocrx_word' id='word_1_544' title='bbox 844 4920 1029 4988; x_wconf 79' lang='lat' dir='ltr'>desideravi.</span> <span class='ocrx_word' id='word_1_545' title='bbox 1054 4923 1110 4985; x_wconf 84' lang='lat' dir='ltr'>boc</span> <span class='ocrx_word' id='word_1_546' title='bbox 1127 4923 1226 5002; x_wconf 73' lang='lat' dir='ltr'>pesclu</span> <span class='ocrx_word' id='word_1_547' title='bbox 1245 4945 1325 4988; x_wconf 78' lang='lat' dir='ltr'>maa·</span> <span class='ocrx_word' id='word_1_548' title='bbox 1469 4925 1585 5008; x_wconf 75' lang='lat' dir='ltr'>apetflotr</span> <span class='ocrx_word' id='word_1_549' title='bbox 1598 4922 1764 4986; x_wconf 60' lang='lat' dir='ltr'>audtisiilis</span> <span class='ocrx_word' id='word_1_550' title='bbox 1777 4927 1882 4986; x_wconf 72' lang='lat' dir='ltr'>verbis:</span> <span class='ocrx_word' id='word_1_551' title='bbox 1902 4925 2055 4998; x_wconf 73' lang='lat' dir='ltr'>Accipite,</span> <span class='ocrx_word' id='word_1_552' title='bbox 2080 4925 2247 4993; x_wconf 64' lang='lat' dir='ltr'>cutodita,</span> 
     </span>
    </p>

    <p class='ocr_par' dir='ltr' id='par_1_18' title="bbox 464 4989 2314 5099">
     <span class='ocr_line' id='line_1_49' title="bbox 464 4989 2314 5099; baseline 0.015 -48"><span class='ocrx_word' id='word_1_553' title='bbox 464 5037 466 5042; x_wconf 90' lang='lat'><em>.</em></span> <span class='ocrx_word' id='word_1_554' title='bbox 546 4989 657 5056; x_wconf 82' lang='lat' dir='ltr'>dusera</span> <span class='ocrx_word' id='word_1_555' title='bbox 672 4997 842 5074; x_wconf 68' lang='lat' dir='ltr'>vobiscum</span> <span class='ocrx_word' id='word_1_556' title='bbox 863 5017 898 5060; x_wconf 89' lang='lat' dir='ltr'>nt</span> <span class='ocrx_word' id='word_1_557' title='bbox 913 5001 1116 5080; x_wconf 71' lang='lat' dir='ltr'>Hieronymus</span> <span class='ocrx_word' id='word_1_558' title='bbox 1130 5001 1161 5064; x_wconf 88' lang='lat' dir='ltr'>in</span> <span class='ocrx_word' id='word_1_559' title='bbox 1178 4999 1322 5068; x_wconf 72' lang='lat' dir='ltr'>exxvt.</span> <span class='ocrx_word' id='word_1_560' title='bbox 1471 5006 1708 5099; x_wconf 71' lang='lat' dir='ltr'>perturbarentur</span> <span class='ocrx_word' id='word_1_561' title='bbox 1728 5006 1860 5071; x_wconf 71' lang='lat' dir='ltr'>dit-emes,</span> <span class='ocrx_word' id='word_1_562' title='bbox 1881 5006 2012 5087; x_wconf 76' lang='lat' dir='ltr'>quomodo</span> <span class='ocrx_word' id='word_1_563' title='bbox 2032 5023 2098 5062; x_wconf 80' lang='lat' dir='ltr'>carn</span> <span class='ocrx_word' id='word_1_564' title='bbox 2112 5024 2138 5064; x_wconf 66' lang='lat' dir='ltr'><em>w</em></span> <span class='ocrx_word' id='word_1_565' title='bbox 2160 5025 2246 5063; x_wconf 61' lang='lat' dir='ltr'>“tt‘-</span> <span class='ocrx_word' id='word_1_566' title='bbox 2306 5001 2314 5021; x_wconf 85' lang='lat'><strong><em>‘</em></strong></span> 
     </span>
    </p>
   </div>
   <div class='ocr_carea' id='block_1_15' title="bbox 542 5067 2385 5166">
    <p class='ocr_par' dir='ltr' id='par_1_19' title="bbox 542 5067 2385 5166">
     <span class='ocr_line' id='line_1_50' title="bbox 542 5067 2385 5166; baseline 0.01 -36"><span class='ocrx_word' id='word_1_567' title='bbox 542 5067 657 5138; x_wconf 76' lang='lat' dir='ltr'>Mattb,</span> <span class='ocrx_word' id='word_1_568' title='bbox 678 5073 1130 5150; x_wconf 57' lang='lat' dir='ltr'>Tauromenios-lunone</span> <span class='ocrx_word' id='word_1_569' title='bbox 1152 5083 1321 5152; x_wconf 72' lang='lat' dir='ltr'>Maroxia.</span> <span class='ocrx_word' id='word_1_570' title='bbox 1420 5103 1424 5112; x_wconf 88' lang='lat'><em>·</em></span> <span class='ocrx_word' id='word_1_571' title='bbox 1468 5087 1781 5166; x_wconf 56' lang='lat' dir='ltr'>&amp;norwegorum</span> <span class='ocrx_word' id='word_1_572' title='bbox 1801 5082 1942 5150; x_wconf 69' lang='lat' dir='ltr'>tatinus?</span> <span class='ocrx_word' id='word_1_573' title='bbox 1969 5085 2242 5150; x_wconf 67' lang='lat' dir='ltr'>Genusnnus·</span> <span class='ocrx_word' id='word_1_574' title='bbox 2339 5073 2385 5138; x_wconf 57' lang='grc' dir='ltr'><strong>Ὗ</strong></span> 
     </span>
    </p>
   </div>
   <div class='ocr_carea' id='block_1_16' title="bbox 546 5143 1513 5266">
    <p class='ocr_par' dir='ltr' id='par_1_20' title="bbox 427 5143 1513 5266">
     <span class='ocr_line' id='line_1_51' title="bbox 546 5143 1513 5266; baseline -0.004 -34.438"><span class='ocrx_word' id='word_1_575' title='bbox 546 5143 1319 5266; x_wconf 52' lang='grc' dir='ltr'>δωᾶωωιτψψ-ωαω.</span> <span class='ocrx_word' id='word_1_576' title='bbox 1438 5229 1445 5240; x_wconf 80' lang='grc'>,</span> <span class='ocrx_word' id='word_1_577' title='bbox 1506 5221 1513 5228; x_wconf 89' lang='grc'><strong>.</strong></span> 
     </span>
    </p>
   </div>
   <div class='ocr_carea' id='block_1_17' title="bbox 0 0 2692 6209">
    <p class='ocr_par' dir='ltr' id='par_1_21' title="bbox 0 0 2692 6209">
     <span class='ocr_line' id='line_1_52' title="bbox 0 0 2692 6209; baseline 0 6"><span class='ocrx_word' id='word_1_578' title='bbox 0 0 2692 6209; x_wconf 95' lang='lat' dir='ltr'> </span> 
     </span>
    </p>
   </div>
  </div>
 </body>
</html>
