5375 6209
407 495 538 642 :ee
866 494 873 538 ³
1008 517 1015 538 ”
1077 523 1610 644 meretricium·

441 723 503 799 bue
518 718 658 794 diuum:
670 715 773 789 bibite.
822 712 881 789 vel
911 713 1012 814 igitur
1030 728 1135 783 totum
1155 710 1333 787 sacramen·
1378 717 1445 788 ffls
1459 704 1652 816 estfiaugais
1667 739 1774 808 meas,
1794 718 1850 811 qui
1881 717 2019 788 rouobis
2039 713 2089 792 ἔθ’
2101 722 2262 812 μοικαί·

353 821 357 844 ’
441 839 514 895 tum
528 815 677 893 dandum
692 818 737 887 est
749 799 824 887 iolis
831 812 1044 914 presbyteris,
1070 811 1120 883 vel
1132 811 1223 885 hmul
1233 819 1331 887 etiam
1377 815 1620 914 tissffunditur.
1672 813 1824 887 Hicclari
1852 839 1919 887 rme
1938 815 2047 896 vides,
2075 811 2267 913 sanguinem

351 945 368 978 .·
443 918 549 994 laicis.
598 915 632 985 Si
648 913 738 988 laicis
755 917 883 1001 ctiam,
910 934 991 1011 ergo
1027 910 1182 985 omnibus
1205 914 1329 987 ditium
1377 914 1522 986 dandum
1543 910 1606 987 effe
1627 914 1801 1007 omnibus,
1827 938 1889 1010 pro
1906 939 2048 1013 quorum
2063 913 2268 1013 peccatirfu.

428 1018 517 1094 'esse
544 1018 749 1104 Mandusaie
768 1013 816 1089 θ’
828 1014 933 1095 bibite.
982 1003 1099 1081 Sisulis
1114 1011 1329 1108 presbyteris3
1377 1007 1427 1085 sus
1446 1015 1501 1086 eii.
1552 1014 1639 1111 Quis
1664 1020 1773 1086 autem
1793 1010 1905 1085 audeat
1927 1013 2059 1092 dicere,
2084 1036 2150 1111 pro
2176 1011 2265 1092 laicis

443 1141 525 1218 ergo
544 1112 695 1190 nonlicet
707 1112 793 1185 laicis
805 1113 881 1185 date
897 1108 994 1181 ullam
1008 1106 1329 1207 partemiacrarnen·
1376 1137 1444 1186 non
1462 1108 1525 1185 eise
1543 1108 1672 1185 fusum?
1698 1136 1777 1210 ergo
1791 1114 1943 1184 omnibus
1961 1111 2078 1194 datur,
2101 1120 2142 1187 &
2158 1120 2266 1186 omni-

441 1219 491 1297 ei,
516 1217 632 1291 nectis
647 1210 771 1285 dietum
791 1215 868 1294 erit:
895 1213 1125 1291 Mundueate;
1149 1236 1218 1282 non
1233 1217 1328 1283 enim
1375 1211 1434 1287 bus
1450 1214 1585 1285 dieitur:
1606 1212 1724 1284 Bibite.
1752 1213 1879 1308 Excipit
1900 1210 2134 1295 Bellartninus:
2149 1214 2265 1313 fisin-

442 1331 565 1390 temere
585 1309 733 1383 dandum
755 1313 820 1390 est,
846 1315 899 1383 cui
920 1307 1068 1382 Christus
1087 1313 1191 1405 prima
1206 1310 1329 1382 inssitu·
1372 1317 1453 1409 guis
1470 1314 1608 1383 Domini
1627 1312 1772 1381 omnibus
1796 1317 1922 1382 dcissdus
1945 1309 2038 1408 rffet,
2057 1338 2127 1407 pro
2147 1317 2266 1412 quibus

443 1407 720 1489 tioneuondedit.
769 1406 1134 1508 ExcipitBellerminus:
1162 1411 1218 1505 etfi
1233 1409 1328 1481 Chri·
1375 1409 1447 1510 effes
1460 1412 1584 1507 susus,
1608 1416 1735 1481 dandus
1757 1414 1886 1481 omuino
1904 1408 2147 1508 effiromsribas
2165 1414 2265 1486 homi·

428 1514 509 1612 ,μη
522 1539 587 1586 non
613 1513 736 1582 dederit
752 1535 874 1608 panem
896 1510 1010 1585 iaicis,
1054 1520 1163 1579 tamen
1189 1533 1211 1579 ss
1239 1505 1328 1580 nobis
1374 1514 1477 1595 ssibus,
1497 1514 1594 1582 etiam
1616 1511 1749 1590 Tussis,
1775 1511 1942 1605 Judaeis,
1976 1510 2174 1589 ethnicis&
2196 1516 2267 1612 qei-

295 1666 304 1686 ,
420 1631 422 1635 “
433 1610 632 1714 poffldasi,
659 1632 733 1680 tum
753 1634 798 1680 stu
807 1612 900 1705 piam
914 1609 960 1705 fit
974 1607 1183 1701 prohibitum.
1233 1603 1329 1705 Resp.
1374 1613 1557 1707 &uscunque
1573 1613 1703 1710 impiis,
1731 1633 1802 1679 eum
1819 1635 1883 1702 pro
1907 1613 2079 1682 iliisetiom
2092 1612 2263 1712 suscessit.

440 1710 550 1790 firrnae
564 1711 768 1784 &immotae
798 1731 855 1779 unt
870 1707 919 1779 hae
939 1704 1193 1805 consequentia:
1220 1700 1331 1777 fisolis
1377 1704 1477 1808 Resp.
1491 1726 1718 1806 argumentum
1736 1709 1872 1782 Lutheri
1890 1707 1955 1779 hoc
1973 1710 2042 1780 est:
2072 1713 2265 1811 Proquibus

296 1806 299 1811 ⁴
440 1809 598 1910 apostolis
618 1814 653 1879 δι
670 1803 726 1877 sub
750 1805 877 1877 illorum
930 1807 1039 1875 eriona
1060 1802 1134 1878 solie
1159 1801 1333 1878 sacerdoti·
1354 1803 1503 1906 -sanguis
1524 1805 1640 1878 Christi
1655 1801 1771 1877 effusus
1794 1806 1866 1886 eii,
1904 1806 1964 1878 illis
1989 1810 2023 1879 in
2051 1802 2142 1883 sacra
2172 1834 2262 1884 coena

440 1907 503 1982 bus
517 1909 645 1980 dietum
663 1902 731 1979 eii:
754 1908 879 1986 Bibite,
906 1831 979 1975 iniis
1001 1907 1100 2013 etiam
1124 1902 1276 2000 apostolis
1295 1911 1330 1976 &
1379 1904 1719 2001 noneiidenegnndus
1742 1911 1840 2004 Atqui
1854 1902 2261 2003 nonproi'olisiacetdoti·

440 2009 479 2083 in
493 2006 621 2080 illorum
637 2002 771 2104 persona
787 2000 861 2075 solis
879 1999 1097 2075 sacerdotebus
1112 2002 1237 2075 dictum
1250 2008 1329 2073 erit:
1375 2004 1452 2086 bus,
1479 2001 1642 2077 sedetiam
1662 2030 1722 2099 pro
1738 2004 1824 2076 laicis
1847 2002 1962 2077 effoius
1981 2005 2038 2081 eii.
2088 2012 2206 2109 Ergo,
2228 2013 2262 2082 in

440 2108 669 2190 Mandatum,
693 2103 768 2199 quia
784 2127 843 2200 per
857 2126 974 2174 vocem
996 2107 1164 2207 obdurate
1179 2103 1247 2173 haee
1259 2101 1328 2172 duo
1374 2098 1461 2214 sacra
1474 2130 1564 2176 coena
1579 2101 1636 2173 iliis
1649 2105 1775 2174 nonest
1795 2103 2010 2203 denegandus.
2060 2109 2113 2179 Ex
2124 2135 2194 2208 quo
2208 2107 2262 2182 ad·

439 2199 606 2279 indivuiio
629 2225 713 2272 nexu
734 2204 986 2309 conjunguntur.
1035 2202 1128 2289 item,
1153 2198 1329 2298 stapoiloli
1375 2223 1489 2302 paret,
1517 2200 1779 2300 propositionem
1795 2202 1886 2295 hujus
1900 2210 2085 2299 argumenti
2107 2231 2177 2279 uon
2197 2202 2263 2282 effe

306 2334 313 2378 .’
439 2300 528 2379 soloe
552 2301 730 2375 sacerdotes
755 2301 1044 2398 repraeientarunt,
1080 2325 1159 2399 ergo
1180 2299 1238 2369 illis
1256 2294 1330 2370 solis
1375 2301 1564 2401 sempliciter
1587 2298 1786 2373 &absolute
1813 2299 2051 2382 universalem,
2087 2301 2147 2378 sed
2166 2304 2260 2407 ioqui

438 2401 586 2477 diuum:
613 2404 831 2480 mundatam
855 2394 1165 2497 &perconsequens
1180 2397 1331 2482 iliissolis,
1374 2401 1415 2474 de
1436 2399 1588 2472 omnibus
1608 2399 1739 2472 eoeiestis
1760 2401 1854 2492 hujus
1879 2404 2023 2473 convivii
2054 2399 2260 2501 hospitibus,

438 2517 629 2576 nouantem
650 2497 737 2570 iaicis
762 2498 848 2569 sacra
863 2522 953 2571 eoena
968 2501 1029 2569 erit
1044 2497 1195 2569 iuiiituta.
1257 2501 1329 2570 Nec
1374 2498 1464 2597 quod
1476 2502 1600 2569 nemini
1617 2523 1733 2570 eorum
1756 2493 1882 2595 sanguis
1905 2497 2025 2572 Christi
2048 2501 2263 2602 denegandus

324 2609 327 2614 '
438 2599 599 2697 impedit,
634 2597 724 2695 quod
755 2596 898 2667 Christus
925 2596 1076 2694 nuspiam
1101 2599 1327 2692 prohibuerit,
1373 2597 1436 2677 sit,
1461 2603 1778 2693 cumptoomnium
1801 2604 1939 2693 peccatis
1961 2601 2068 2671 inara
2093 2605 2199 2675 crucis
2220 2602 2261 2678 fit

332 2719 339 2737 ·
439 2694 662 2796 laicispanem
683 2694 892 2767 benedicium
915 2694 1017 2765 dare:
1042 2700 1328 2788 quaeramusenim
1373 2691 1503 2767 effusus.
1554 2693 1860 2768 Confirmatuthoc
1883 2723 1923 2768 ex
1951 2695 2017 2770 fine
2040 2700 2261 2783 iustitutionis,

432 2817 476 2872 ex
490 2794 686 2896 pontificiis,
712 2796 784 2891 quis
799 2792 966 2864 licentiam
979 2817 1053 2861 eam
1073 2788 1147 2886 ipfis
1166 2790 1329 2865 eonceiie·
1372 2792 1553 2866 ideoenim
1578 2794 1726 2866 Chrissus
1753 2794 1834 2865 iilud
1858 2793 1963 2892 ipsum
1995 2823 2144 2897 corpur,
2167 2803 2259 2899 quod

438 2899 505 2973 tit,
532 2890 671 2965 utlaieir
694 2887 800 2964 solum
819 2888 898 2962 dent
921 2890 1127 2963 benedidium
1152 2916 1269 2988 panem
1294 2898 1328 2966 dt
1366 2896 1564 2964 inmorrem
1606 2918 1644 2964 ro
1665 2895 1757 2965 nobis
1781 2895 1934 2976 tradidit,
1965 2899 2260 2981 manducandum,

437 2995 617 3070 uouetiam
635 2990 842 3077 benedidum
866 2992 998 3062 vinum:
1024 3014 1098 3061 cum
1127 2989 1272 3062 Christus
1293 3017 1329 3060 u·
1372 3000 1406 3065 de
1430 2992 1518 3061 ilium
1541 2996 1550 3059 i
1575 2919 1643 3063 iim
1673 2989 1884 3088 sanguinem,
1915 2997 2015 3089 quem
2034 3021 2096 3094 pro
2115 3004 2263 3095 peccatis

437 3109 592 3190 tuumque
612 3089 866 3162 ininiiitutione
889 3089 1119 3181 conjunxerit?
1144 3103 1205 3159 cur
1221 3085 1326 3180 sejun-
1371 3088 1490 3163 nostris
1505 3017 1643 3169 eiiiidit,
1668 3087 1845 3162 bibendum
1866 3096 1900 3162 in
1925 3094 2112 3166 sacra'eoeua
2129 3091 2257 3178 offert,

401 3189 404 3202 '
464 3210 522 3264 unt
535 3215 573 3261 ac
588 3182 733 3286 separant
744 3212 804 3264 ea,
851 3212 901 3258 uae
913 3185 1327 3281 Chriiiuseonjunxit‘iii
1371 3214 1408 3260 ur
1420 3190 1483 3259 hoc
1500 3186 1728 3285 pretiohffimo
1743 3194 1881 3286 pignore
1894 3194 1933 3263 de
1949 3191 2132 3271 beneficiis,
2151 3192 2252 3268 endi·

452 3291 517 3366 deo
538 3287 618 3361 daut
630 3286 720 3359 iaicis
732 3214 953 3357 -benedidium
965 3310 1085 3384 panem
1097 3331 1109 3365 ,
1136 3290 1209 3384 quia
1232 3287 1328 3359 Chri·
1372 3295 1461 3360 tione
1475 3287 1620 3383 corporis
1634 3282 1833 3362 &effuhone
1847 3286 2017 3388 sanguinis,
2028 3292 2124 3366 nobie
2137 3296 2253 3390 partis,

299 3467 301 3471 ,
385 3432 412 3460 s
435 3391 501 3466 iius
523 3382 671 3483 nuspiam
696 3384 729 3457 id
756 3385 944 3482 prohibuit,
971 3383 1130 3456 debebant
1157 3388 1328 3456 etimne·
1372 3381 1614 3459 confirmemur.
1665 3391 1805 3466 Turcae,
1831 3387 1950 3475 Judaei,
1981 3388 2172 3487 gentiles&
2194 3396 2261 3466 im·

435 3487 605 3565 aedictum
623 3488 735 3557 vinum
752 3482 923 3563 iilisdare,
947 3488 1021 3582 quia
1042 3480 1189 3554 Christus
1211 3484 1327 3555 itidem
1371 3491 1439 3584 pii,
1466 3486 1621 3583 quamdiu
1636 3479 1708 3556 sunt
1719 3511 1756 3557 ac
1769 3511 1899 3558 manent
1908 3486 2008 3566 tales,
2034 3513 2105 3561 non
2120 3489 2259 3563 sunthu.

435 3582 586 3684 nuspiam
607 3583 640 3654 id
654 3584 833 3680 prohibuit.
884 3582 952 3651 Ubi
965 3605 1023 3677 par
1042 3586 1150 3658 tario,
1179 3583 1222 3652 ibi
1239 3583 1326 3653 idem
1371 3594 1422 3680 jus
1447 3585 1590 3655 convivii
1605 3578 1767 3681 hospites,
1792 3611 1850 3657 uec
1866 3583 1888 3656 fi
1905 3583 1981 3658 tales
2007 3583 2041 3660 se
2065 3581 2133 3662 effe
2156 3590 2260 3688 profi.

436 3691 578 3759 orunino
597 3689 654 3774 jus.
705 3685 744 3752 in
758 3678 1039 3751 administratione
1057 3705 1094 3747 ae
1120 3675 1327 3775 dispens-mio-
1372 3703 1516 3770 reantur,
1540 3679 1579 3750 ad
1595 3682 1660 3752 hoe
1676 3683 1800 3755 coeleste
1812 3683 1943 3781 epulum
1958 3684 2155 3760 admittendi
2177 3688 2258 3763 sum:

434 3781 767 3859 neficfflmesswrum
783 3776 863 3847 nihil
880 3779 1058 3876 quidquam
1077 3772 1326 3872 suscipiendum,
1371 3785 1446 3880 quia
1462 3781 1654 3851 sacramenta
1670 3777 1741 3852 sunt
1756 3785 1840 3854 bona
1856 3778 1995 3855 ecclefiae
2018 3791 2177 3883 propria,
2204 3813 2259 3861 ne.

435 3882 564 3981 dequo
582 3904 650 3950 non
665 3877 802 3949 habetur
823 3869 965 3971 expreffa
992 3876 1139 3946 voluntas
1161 3879 1326 3948 instituen·
1371 3905 1433 3973 que
1456 3884 1644 3978 oip'icierrdae
1657 3881 1741 3975 sunt
1759 3885 2111 3979 margaritusporcis5
2136 3890 2259 3962 Marth.

434 3986 485 4054 ²3⁸·
537 3978 637 4077 Qod
655 3973 915 4051 finonconiht,
941 4000 1068 4046 coenam
1088 3974 1326 4074 etiamptoiai·
1367 3977 1451 4057 Vll.
1474 3989 1505 4048 6.
1524 3980 1582 4048 alia
1596 4003 1674 4049 vero
1688 3984 1771 4051 ratio
1783 3980 1827 4053 eii
1841 3978 1988 4051 fidelium
2006 3979 2187 4064 laicorum,
2201 3989 2258 4086 qui

354 4146 356 4149 -
435 4084 482 4153 cis
502 4074 566 4151 ess'e
585 4076 788 4152 institutam,
815 4077 924 4168 utique
956 4099 1024 4143 non
1053 4078 1114 4145 erit
1136 4076 1180 4142 eis
1205 4074 1324 4149 danda.
1368 4079 1404 4146 in
1417 4103 1490 4150 vera
1507 4080 1694 4175 ponitentia
1708 4084 1741 4150 dt
1757 4076 1821 4150 fide
1839 4077 1880 4148 ad
1904 4079 1968 4149 hoc
1988 4078 2120 4153 eoeleste
2143 4086 2261 4156 couvi·

434 4176 649 4272 bellarminus
673 4172 784 4251 addit,
819 4171 982 4266 (hristum
1006 4172 1325 4270 aiibijuffiffifircra.
1368 4178 1460 4247 vium
1490 4175 1665 4262 accedunt,
1697 4182 1730 4248 ἃ
1753 4183 1839 4269 pum
1865 4177 1991 4253 Christi
2016 4181 2276 4254 institutionem

434 4290 580 4350 mentum
593 4274 684 4346 inicis
700 4278 780 4345 dare
801 4320 813 4347 ‚
862 4276 969 4341 uando
990 4274 1099 4342 dixit:
1131 4274 1323 4368 Hossusite.
1368 4297 1495 4345 eoenrm
1519 4272 1576 4345 fibi
1596 4271 1765 4370 dispensari
1784 4294 1922 4371 petunt,
1950 4280 1983 4348 in
2003 4277 2122 4376 quibus
2141 4280 2257 4353 locum

434 4375 501 4449 sed
523 4377 593 4447 baec
609 4368 775 4471 responsio
793 4296 887 4439 uniit
906 4372 1080 4465 priorem,
1108 4372 1197 4469 quod
1230 4372 1325 4440 Chri·
1367 4370 1467 4443 habet
1480 4371 1557 4444 iilud
1570 4373 1739 4444 aureolum
1757 4377 1912 4469 Cypriani
1933 4373 2027 4451 ieron
2043 4382 2067 4448 1.
2087 4376 2130 4448 de
2142 4376 2256 4478 lapsu:

435 4473 502 4560 {ius
518 4499 585 4547 non
604 4474 732 4546 dederit
749 4467 836 4541 iaicis
853 4464 1103 4547 sacramentum,
1127 4464 1182 4539 sed
1198 4487 1323 4539 tantum
1368 4470 1449 4542 Non
1478 4477 1682 4571 denegandus
1704 4473 1824 4566 populo
1851 4473 2019 4567 rhrssiano
2050 4476 2254 4575 Dominises

434 4573 505 4647 non
521 4573 724 4670 prohibuerit
747 4572 829 4641 dari.
881 4569 914 4636 Si
947 4587 1081 4666 propter
1105 4567 1223 4639 verba:
1250 4571 1324 4640 Hos
1357 4570 1519 4669 stanguis,
1539 4597 1603 4664 pro
1622 4575 1715 4671 eujus
1734 4569 1912 4667 sonseffione
1923 4574 2125 4673 sanguinem
2149 4579 2246 4675 effue-

433 4673 559 4766 fotite,
592 4671 682 4742 iaicis
702 4668 808 4741 danda
831 4671 1016 4765 praecipitur·
1037 4692 1153 4745 coena,
1189 4686 1323 4765 utraque
1367 4671 1550 4765 desisterem
1556 4673 1702 4769 jubetur.
1752 4671 1909 4767 Cogitent
1923 4676 1983 4772 piae
1998 4699 2244 4773 mentes,quan·

434 4767 557 4876 species
576 4769 713 4862 ‚ciuem
729 4767 859 4844 danda,
896 4769 971 4865 quia
998 4765 1040 4836 ad
1061 4790 1232 4863 utramque
1251 4789 1323 4861 par·
1367 4788 1406 4837 tae
1428 4766 1699 4865 fitarrogantiae,
1723 4767 1941 4860 &audaciae,
1968 4771 2057 4869 quod
2081 4770 2243 4848 sacrificuli

437 4871 533 4949 tem',
548 4863 706 4944 'Videlicet
722 4885 789 4937 tam
811 4868 1097 4937 manducationem
1118 4890 1220 4961 quam
1242 4865 1324 4934 bibi·
1367 4864 1512 4964 papiiiiei
1530 4893 1596 4938 non
1612 4874 1713 4957 maius
1727 4864 1899 4967 quoddam
1920 4876 1967 4963 jus
1992 4868 2138 4946 fidelibus
2165 4871 2244 4946 laicis

434 4953 567 5060 §onem
583 4969 649 5035 itte
665 4965 762 5038 verba
778 4959 989 5040 referuntur,
1018 4982 1098 5035 utet
1106 4959 1323 5061 descriptione
1366 4964 1405 5034 ad
1422 4964 1681 5063 participandum
1692 4967 1810 5037 Christi
1820 4968 1853 5035 in
1869 4992 1961 5039 coena
1976 4961 2245 5067 sanguinemeon.

436 5063 713 5167 ffieugeiissarum
731 5064 776 5138 eii
797 5058 1096 5137 manifessiffimum.
1153 5063 1222 5153 ιο.)
1236 5064 1324 5131 Con-
1365 5061 1500 5139 cedant,
1531 5068 1801 5162 quarneompetit
1816 5064 1956 5147 Judaeis,
1980 5070 2125 5152 Tuscis,
2146 5073 2246 5170 genti·
2277 5129 2280 5134 .

438 5163 733 5253 &menoeceus
751 5162 1001 5240 uoueri-nuo.
1049 5158 1196 5235 Christus
1223 5159 1325 5233 dixit:
1364 5159 1449 5235 libus
1465 5166 1500 5240 (e
1516 5164 1634 5263 impiin
1689 5161 1774 5255 n.)
1800 5164 1966 5266 Phiiippus
1981 5166 2245 5243 Melanchtom

445 5277 447 5282 Ι
2113 5269 2246 5348 'teon
