<?xml version="1.0" encoding="UTF-8"?>
<!DOCTYPE html PUBLIC "-//W3C//DTD XHTML 1.0 Transitional//EN"
    "http://www.w3.org/TR/xhtml1/DTD/xhtml1-transitional.dtd">
<html xmlns="http://www.w3.org/1999/xhtml" xml:lang="en" lang="en">
 <head>
  <title>
</title>
<meta http-equiv="Content-Type" content="text/html;charset=utf-8" />
  <meta name='ocr-system' content='tesseract 3.04.00' />
  <meta name='ocr-capabilities' content='ocr_page ocr_carea ocr_par ocr_line ocrx_word'/>
</head>
<body>
  <div class='ocr_page' id='page_1' title='image "./locitheologicic05cottgoog/locitheologicic05cottgoog_0481.png"; bbox 0 0 5375 6209; ppageno 0'>
   <div class='ocr_carea' id='block_1_1' title="bbox 480 469 1928 646">
    <p class='ocr_par' dir='ltr' id='par_1_1' title="bbox 480 469 1928 646">
     <span class='ocr_line' id='line_1_1' title="bbox 480 469 1928 646; baseline -0.01 -25"><span class='ocrx_word' id='word_1_1' title='bbox 480 471 555 646; x_wconf 37' lang='grc' dir='ltr'>’με</span> <span class='ocrx_word' id='word_1_2' title='bbox 776 569 779 580; x_wconf 84' lang='grc'><strong><em>·</em></strong></span> <span class='ocrx_word' id='word_1_3' title='bbox 924 543 995 644; x_wconf 57' lang='lat' dir='ltr'>ſs</span> <span class='ocrx_word' id='word_1_4' title='bbox 1117 529 1629 616; x_wconf 64' lang='lat' dir='ltr'>uoctxxucnux.</span> <span class='ocrx_word' id='word_1_5' title='bbox 1724 541 1734 622; x_wconf 71' lang='grc' dir='ltr'><strong>χ</strong></span> <span class='ocrx_word' id='word_1_6' title='bbox 1924 469 1928 476; x_wconf 53' lang='grc'>’</span> 
     </span>
    </p>
   </div>
   <div class='ocr_carea' id='block_1_2' title="bbox 359 714 2302 1411">
    <p class='ocr_par' dir='ltr' id='par_1_2' title="bbox 359 714 2302 1411">
     <span class='ocr_line' id='line_1_2' title="bbox 359 714 2286 824; baseline -0.008 -18"><span class='ocrx_word' id='word_1_7' title='bbox 359 757 365 766; x_wconf 77' lang='grc'><strong><em>’</em></strong></span> <span class='ocrx_word' id='word_1_8' title='bbox 473 724 539 808; x_wconf 77' lang='lat' dir='ltr'>fitis</span> <span class='ocrx_word' id='word_1_9' title='bbox 555 725 598 804; x_wconf 88' lang='lat' dir='ltr'>de</span> <span class='ocrx_word' id='word_1_10' title='bbox 615 720 665 807; x_wconf 84' lang='lat' dir='ltr'>iit,</span> <span class='ocrx_word' id='word_1_11' title='bbox 676 717 732 824; x_wconf 53' lang='lat' dir='ltr'>sui</span> <span class='ocrx_word' id='word_1_12' title='bbox 755 715 919 793; x_wconf 82' lang='lat' dir='ltr'>initiantur</span> <span class='ocrx_word' id='word_1_13' title='bbox 935 714 1092 813; x_wconf 83' lang='lat' dir='ltr'>mysteriis</span> <span class='ocrx_word' id='word_1_14' title='bbox 1107 740 1138 789; x_wconf 88' lang='lat' dir='ltr'>o.</span> <span class='ocrx_word' id='word_1_15' title='bbox 1159 739 1191 795; x_wconf 88' lang='lat'>9.</span> <span class='ocrx_word' id='word_1_16' title='bbox 1206 731 1287 787; x_wconf 92' lang='lat' dir='ltr'>torn.</span> <span class='ocrx_word' id='word_1_17' title='bbox 1302 719 1361 795; x_wconf 82' lang='lat' dir='ltr'>lV.</span> <span class='ocrx_word' id='word_1_18' title='bbox 1401 717 1503 794; x_wconf 80' lang='lat' dir='ltr'>olium</span> <span class='ocrx_word' id='word_1_19' title='bbox 1531 716 1679 806; x_wconf 90' lang='lat' dir='ltr'>modum,</span> <span class='ocrx_word' id='word_1_20' title='bbox 1702 741 1802 814; x_wconf 80' lang='lat' dir='ltr'>quent</span> <span class='ocrx_word' id='word_1_21' title='bbox 1831 721 2034 805; x_wconf 79' lang='lat' dir='ltr'><strong>naturalem,</strong></span> <span class='ocrx_word' id='word_1_22' title='bbox 2067 715 2137 820; x_wconf 78' lang='lat' dir='ltr'>quo</span> <span class='ocrx_word' id='word_1_23' title='bbox 2167 715 2286 820; x_wconf 78' lang='lat' dir='ltr'>corpus</span> 
     </span>
     <span class='ocr_line' id='line_1_3' title="bbox 471 814 2302 931; baseline -0.002 -35"><span class='ocrx_word' id='word_1_24' title='bbox 471 855 507 931; x_wconf 81' lang='lat' dir='ltr'>p.</span> <span class='ocrx_word' id='word_1_25' title='bbox 525 851 611 914; x_wconf 80' lang='lat'>42¹1·</span> <span class='ocrx_word' id='word_1_26' title='bbox 634 829 775 899; x_wconf 77' lang='lat' dir='ltr'><em>Praeter</em></span> <span class='ocrx_word' id='word_1_27' title='bbox 793 834 934 892; x_wconf 79' lang='lat' dir='ltr'>naturae</span> <span class='ocrx_word' id='word_1_28' title='bbox 946 822 1086 889; x_wconf 81' lang='lat' dir='ltr'>ordinem</span> <span class='ocrx_word' id='word_1_29' title='bbox 1106 819 1203 916; x_wconf 80' lang='lat' dir='ltr'>uirgo</span> <span class='ocrx_word' id='word_1_30' title='bbox 1221 842 1361 915; x_wconf 81' lang='lat' dir='ltr'>genera·</span> <span class='ocrx_word' id='word_1_31' title='bbox 1402 818 1523 889; x_wconf 89' lang='lat' dir='ltr'>Chrisli</span> <span class='ocrx_word' id='word_1_32' title='bbox 1538 814 1785 918; x_wconf 82' lang='lat' dir='ltr'>praesensfillere</span> <span class='ocrx_word' id='word_1_33' title='bbox 1797 820 1900 917; x_wconf 82' lang='lat' dir='ltr'>possit.</span> <span class='ocrx_word' id='word_1_34' title='bbox 1959 824 2037 912; x_wconf 50' lang='lat' dir='ltr'>tes)</span> <span class='ocrx_word' id='word_1_35' title='bbox 2059 823 2215 915; x_wconf 86' lang='lat' dir='ltr'>Denique</span> <span class='ocrx_word' id='word_1_36' title='bbox 2226 821 2302 892; x_wconf 79' lang='lat' dir='ltr'>ob-‘</span> 
     </span>
     <span class='ocr_line' id='line_1_4' title="bbox 473 912 2283 1021; baseline -0.005 -22"><span class='ocrx_word' id='word_1_37' title='bbox 473 928 605 1017; x_wconf 75' lang='lat' dir='ltr'>uit,&amp;</span> <span class='ocrx_word' id='word_1_38' title='bbox 621 924 795 1021; x_wconf 82' lang='lat' dir='ltr'>lsot,qtsod</span> <span class='ocrx_word' id='word_1_39' title='bbox 812 917 993 1013; x_wconf 79' lang='lat' dir='ltr'>conficimus</span> <span class='ocrx_word' id='word_1_40' title='bbox 1012 940 1143 1010; x_wconf 84' lang='lat' dir='ltr'>eorpus,</span> <span class='ocrx_word' id='word_1_41' title='bbox 1177 940 1217 986; x_wconf 83' lang='lat' dir='ltr'>ex</span> <span class='ocrx_word' id='word_1_42' title='bbox 1235 919 1362 1014; x_wconf 81' lang='lat' dir='ltr'>uirgine</span> <span class='ocrx_word' id='word_1_43' title='bbox 1402 912 1573 990; x_wconf 87' lang='lat' dir='ltr'>servandus</span> <span class='ocrx_word' id='word_1_44' title='bbox 1599 917 1642 990; x_wconf 87' lang='lat' dir='ltr'>esl</span> <span class='ocrx_word' id='word_1_45' title='bbox 1658 916 1811 1000; x_wconf 89' lang='lat' dir='ltr'>circulus,</span> <span class='ocrx_word' id='word_1_46' title='bbox 1837 946 1933 1019; x_wconf 90' lang='lat' dir='ltr'>quem</span> <span class='ocrx_word' id='word_1_47' title='bbox 1946 923 2158 991; x_wconf 89' lang='lat' dir='ltr'>committunt</span> <span class='ocrx_word' id='word_1_48' title='bbox 2171 918 2283 990; x_wconf 79' lang='lat' dir='ltr'>adver·</span> 
     </span>
     <span class='ocr_line' id='line_1_5' title="bbox 474 1011 2280 1127; baseline -0.006 -28"><span class='ocrx_word' id='word_1_49' title='bbox 474 1028 538 1127; x_wconf 71' lang='lat' dir='ltr'>etl,</span> <span class='ocrx_word' id='word_1_50' title='bbox 560 1030 640 1125; x_wconf 77' lang='lat' dir='ltr'>qaid</span> <span class='ocrx_word' id='word_1_51' title='bbox 652 1023 842 1118; x_wconf 81' lang='lat' dir='ltr'>ltltqtsaeris</span> <span class='ocrx_word' id='word_1_52' title='bbox 861 1029 1000 1090; x_wconf 73' lang='lat' dir='ltr'>saturae</span> <span class='ocrx_word' id='word_1_53' title='bbox 1020 1018 1164 1088; x_wconf 77' lang='lat' dir='ltr'><em>ordinem</em></span> <span class='ocrx_word' id='word_1_54' title='bbox 1189 1018 1224 1087; x_wconf 86' lang='lat' dir='ltr'>in</span> <span class='ocrx_word' id='word_1_55' title='bbox 1240 1015 1359 1109; x_wconf 78' lang='lat' dir='ltr'>Christi</span> <span class='ocrx_word' id='word_1_56' title='bbox 1400 1011 1475 1087; x_wconf 85' lang='lat' dir='ltr'>sarii</span> <span class='ocrx_word' id='word_1_57' title='bbox 1484 1020 1515 1118; x_wconf 74' lang='lat' dir='ltr'>in</span> <span class='ocrx_word' id='word_1_58' title='bbox 1524 1013 1583 1089; x_wconf 81' lang='lat' dir='ltr'>suis</span> <span class='ocrx_word' id='word_1_59' title='bbox 1595 1020 1804 1114; x_wconf 84' lang='lat' dir='ltr'>argumentis.</span> <span class='ocrx_word' id='word_1_60' title='bbox 1857 1023 2036 1120; x_wconf 72' lang='lat' dir='ltr'>Qzeritur,</span> <span class='ocrx_word' id='word_1_61' title='bbox 2063 1015 2170 1089; x_wconf 80' lang='lat' dir='ltr'>suntne</span> <span class='ocrx_word' id='word_1_62' title='bbox 2185 1019 2280 1089; x_wconf 82' lang='lat' dir='ltr'>verba</span> 
     </span>
     <span class='ocr_line' id='line_1_6' title="bbox 474 1111 2280 1221; baseline -0.003 -28"><span class='ocrx_word' id='word_1_63' title='bbox 474 1151 634 1221; x_wconf 69' lang='lat' dir='ltr'>corpore,</span> <span class='ocrx_word' id='word_1_64' title='bbox 658 1146 728 1195; x_wconf 86' lang='lat' dir='ltr'>eum</span> <span class='ocrx_word' id='word_1_65' title='bbox 735 1131 869 1215; x_wconf 84' lang='lat' dir='ltr'>praeter</span> <span class='ocrx_word' id='word_1_66' title='bbox 881 1123 1037 1190; x_wconf 79' lang='lat' dir='ltr'>notarem</span> <span class='ocrx_word' id='word_1_67' title='bbox 1046 1117 1094 1215; x_wconf 78' lang='lat' dir='ltr'>ſst</span> <span class='ocrx_word' id='word_1_68' title='bbox 1111 1113 1176 1210; x_wconf 81' lang='lat' dir='ltr'>ipse</span> <span class='ocrx_word' id='word_1_69' title='bbox 1194 1115 1360 1188; x_wconf 75' lang='lat' dir='ltr'><em>Dominus</em></span> <span class='ocrx_word' id='word_1_70' title='bbox 1400 1115 1598 1189; x_wconf 81' lang='lat' dir='ltr'>satctaecoeute</span> <span class='ocrx_word' id='word_1_71' title='bbox 1609 1114 1806 1214; x_wconf 83' lang='lat' dir='ltr'>intelligenda</span> <span class='ocrx_word' id='word_1_72' title='bbox 1822 1113 1920 1193; x_wconf 66' lang='lat' dir='ltr'>mea*</span> <span class='ocrx_word' id='word_1_73' title='bbox 1930 1111 2043 1217; x_wconf 68' lang='grc' dir='ltr'><strong><em>ῥητὸν,</em></strong></span> <span class='ocrx_word' id='word_1_74' title='bbox 2054 1113 2189 1213; x_wconf 82' lang='lat' dir='ltr'>negant,</span> <span class='ocrx_word' id='word_1_75' title='bbox 2207 1120 2280 1216; x_wconf 82' lang='lat' dir='ltr'>quia</span> 
     </span>
     <span class='ocr_line' id='line_1_7' title="bbox 475 1211 2279 1325; baseline -0.004 -30"><span class='ocrx_word' id='word_1_76' title='bbox 475 1224 584 1325; x_wconf 74' lang='lat' dir='ltr'>Jester</span> <span class='ocrx_word' id='word_1_77' title='bbox 602 1233 724 1321; x_wconf 82' lang='lat' dir='ltr'>partas</span> <span class='ocrx_word' id='word_1_78' title='bbox 748 1244 789 1292; x_wconf 83' lang='lat' dir='ltr'>ex</span> <span class='ocrx_word' id='word_1_79' title='bbox 810 1220 946 1317; x_wconf 83' lang='lat' dir='ltr'>uirgine.</span> <span class='ocrx_word' id='word_1_80' title='bbox 1002 1215 1088 1304; x_wconf 80' lang='grc' dir='ltr'><strong>ιι.)</strong></span> <span class='ocrx_word' id='word_1_81' title='bbox 1112 1217 1200 1287; x_wconf 90' lang='lat' dir='ltr'>Deus</span> <span class='ocrx_word' id='word_1_82' title='bbox 1225 1219 1291 1285; x_wconf 82' lang='lat' dir='ltr'>vien</span> <span class='ocrx_word' id='word_1_83' title='bbox 1320 1241 1358 1286; x_wconf 78' lang='lat' dir='ltr'>sc</span> <span class='ocrx_word' id='word_1_84' title='bbox 1398 1220 1546 1310; x_wconf 87' lang='lat' dir='ltr'>eorporis</span> <span class='ocrx_word' id='word_1_85' title='bbox 1564 1218 1743 1312; x_wconf 81' lang='lat' dir='ltr'>proprietas</span> <span class='ocrx_word' id='word_1_86' title='bbox 1766 1235 1933 1315; x_wconf 83' lang='lat' dir='ltr'><strong>repugnet.</strong></span> <span class='ocrx_word' id='word_1_87' title='bbox 1984 1211 2127 1287; x_wconf 82' lang='lat' dir='ltr'>Rursum</span> <span class='ocrx_word' id='word_1_88' title='bbox 2150 1213 2176 1284; x_wconf 84' lang='lat' dir='ltr'>st</span> <span class='ocrx_word' id='word_1_89' title='bbox 2197 1241 2279 1314; x_wconf 73' lang='lat' dir='ltr'>que·</span> 
     </span>
     <span class='ocr_line' id='line_1_8' title="bbox 472 1309 2277 1411; baseline -0.006 -14"><span class='ocrx_word' id='word_1_90' title='bbox 472 1326 633 1399; x_wconf 77' lang='lat' dir='ltr'>terminos</span> <span class='ocrx_word' id='word_1_91' title='bbox 649 1315 895 1406; x_wconf 66' lang='lat' dir='ltr'>usturaedeglit,</span> <span class='ocrx_word' id='word_1_92' title='bbox 922 1316 1055 1387; x_wconf 88' lang='lat' dir='ltr'>interim</span> <span class='ocrx_word' id='word_1_93' title='bbox 1069 1338 1179 1384; x_wconf 84' lang='lat' dir='ltr'>tamen</span> <span class='ocrx_word' id='word_1_94' title='bbox 1201 1316 1356 1410; x_wconf 81' lang='lat' dir='ltr'>potentiae</span> <span class='ocrx_word' id='word_1_95' title='bbox 1399 1338 1469 1400; x_wconf 83' lang='lat' dir='ltr'>ras,</span> <span class='ocrx_word' id='word_1_96' title='bbox 1497 1312 1635 1411; x_wconf 87' lang='lat' dir='ltr'>possitne</span> <span class='ocrx_word' id='word_1_97' title='bbox 1651 1314 1824 1405; x_wconf 83' lang='lat' dir='ltr'>Christus,¹</span> <span class='ocrx_word' id='word_1_98' title='bbox 1842 1343 1915 1386; x_wconf 90' lang='lat' dir='ltr'>cum</span> <span class='ocrx_word' id='word_1_99' title='bbox 1938 1313 1978 1392; x_wconf 86' lang='lat' dir='ltr'>stt</span> <span class='ocrx_word' id='word_1_100' title='bbox 1995 1343 2062 1386; x_wconf 90' lang='lat' dir='ltr'>non</span> <span class='ocrx_word' id='word_1_101' title='bbox 2091 1309 2199 1386; x_wconf 89' lang='lat' dir='ltr'>solum</span> <span class='ocrx_word' id='word_1_102' title='bbox 2227 1340 2277 1387; x_wconf 81' lang='lat' dir='ltr'>ve·</span> 
     </span>
    </p>
   </div>
   <div class='ocr_carea' id='block_1_3' title="bbox 327 1409 2275 1514">
    <p class='ocr_par' dir='ltr' id='par_1_3' title="bbox 327 1409 2275 1514">
     <span class='ocr_line' id='line_1_9' title="bbox 327 1409 2275 1514; baseline -0.001 -26"><span class='ocrx_word' id='word_1_103' title='bbox 327 1475 332 1488; x_wconf 91' lang='grc'>,</span> <span class='ocrx_word' id='word_1_104' title='bbox 472 1410 911 1514; x_wconf 68' lang='lat' dir='ltr'>litaterminosnonposuit.</span> <span class='ocrx_word' id='word_1_105' title='bbox 959 1411 1356 1509; x_wconf 84' lang='lat' dir='ltr'>Cadaverigitnrellcon·</span> <span class='ocrx_word' id='word_1_106' title='bbox 1395 1414 1586 1494; x_wconf 74' lang='lat' dir='ltr'>rothomo,</span> <span class='ocrx_word' id='word_1_107' title='bbox 1611 1409 1780 1484; x_wconf 83' lang='lat' dir='ltr'>sedetiam</span> <span class='ocrx_word' id='word_1_108' title='bbox 1802 1440 1896 1486; x_wconf 81' lang='lat' dir='ltr'>verus</span> <span class='ocrx_word' id='word_1_109' title='bbox 1918 1418 2019 1502; x_wconf 87' lang='lat' dir='ltr'>Deua,</span> <span class='ocrx_word' id='word_1_110' title='bbox 2041 1436 2165 1510; x_wconf 85' lang='lat' dir='ltr'>corpus</span> <span class='ocrx_word' id='word_1_111' title='bbox 2189 1415 2275 1489; x_wconf 86' lang='lat' dir='ltr'>suum</span> 
     </span>
    </p>
   </div>
   <div class='ocr_carea' id='block_1_4' title="bbox 346 1508 2275 1817">
    <p class='ocr_par' dir='ltr' id='par_1_4' title="bbox 346 1508 2275 1817">
     <span class='ocr_line' id='line_1_10' title="bbox 346 1508 2275 1622; baseline -0.007 -24"><span class='ocrx_word' id='word_1_112' title='bbox 346 1584 351 1588; x_wconf 90' lang='lat'>.</span> <span class='ocrx_word' id='word_1_113' title='bbox 470 1518 671 1622; x_wconf 67' lang='lat' dir='ltr'>sequeutia,</span> <span class='ocrx_word' id='word_1_114' title='bbox 700 1543 769 1590; x_wconf 91' lang='lat' dir='ltr'>non</span> <span class='ocrx_word' id='word_1_115' title='bbox 792 1540 864 1588; x_wconf 84' lang='lat' dir='ltr'>vera</span> <span class='ocrx_word' id='word_1_116' title='bbox 880 1512 997 1584; x_wconf 79' lang='lat' dir='ltr'>illatio:</span> <span class='ocrx_word' id='word_1_117' title='bbox 1020 1514 1114 1609; x_wconf 76' lang='lat' dir='ltr'>Jere</span> <span class='ocrx_word' id='word_1_118' title='bbox 1132 1513 1278 1583; x_wconf 80' lang='lat' dir='ltr'>naturali</span> <span class='ocrx_word' id='word_1_119' title='bbox 1302 1537 1354 1584; x_wconf 88' lang='lat' dir='ltr'>ue·</span> <span class='ocrx_word' id='word_1_120' title='bbox 1395 1508 1529 1609; x_wconf 84' lang='lat' dir='ltr'>prtcsens</span> <span class='ocrx_word' id='word_1_121' title='bbox 1552 1516 1586 1583; x_wconf 93' lang='lat' dir='ltr'>in</span> <span class='ocrx_word' id='word_1_122' title='bbox 1603 1537 1693 1583; x_wconf 75' lang='lat' dir='ltr'>etrite</span> <span class='ocrx_word' id='word_1_123' title='bbox 1708 1511 1834 1584; x_wconf 74' lang='lat' dir='ltr'>usseres</span> <span class='ocrx_word' id='word_1_124' title='bbox 1861 1539 2000 1613; x_wconf 83' lang='lat' dir='ltr'>negant:</span> <span class='ocrx_word' id='word_1_125' title='bbox 2025 1513 2275 1615; x_wconf 82' lang='lat' dir='ltr'>quianonvelit,</span> 
     </span>
     <span class='ocr_line' id='line_1_11' title="bbox 471 1610 2274 1717; baseline -0.007 -21"><span class='ocrx_word' id='word_1_126' title='bbox 471 1646 681 1717; x_wconf 81' lang='lat' dir='ltr'>rtem-eorpus</span> <span class='ocrx_word' id='word_1_127' title='bbox 695 1613 814 1712; x_wconf 84' lang='lat' dir='ltr'>nonest</span> <span class='ocrx_word' id='word_1_128' title='bbox 830 1615 1022 1710; x_wconf 80' lang='lat' dir='ltr'>inplestibtes</span> <span class='ocrx_word' id='word_1_129' title='bbox 1046 1613 1133 1685; x_wconf 86' lang='lat' dir='ltr'>lotis.</span> <span class='ocrx_word' id='word_1_130' title='bbox 1184 1615 1280 1712; x_wconf 84' lang='lat' dir='ltr'>Ergo</span> <span class='ocrx_word' id='word_1_131' title='bbox 1301 1637 1356 1684; x_wconf 84' lang='lat' dir='ltr'>net</span> <span class='ocrx_word' id='word_1_132' title='bbox 1398 1610 1485 1682; x_wconf 87' lang='lat' dir='ltr'>unde</span> <span class='ocrx_word' id='word_1_133' title='bbox 1495 1616 1633 1710; x_wconf 83' lang='lat' dir='ltr'>emergit</span> <span class='ocrx_word' id='word_1_134' title='bbox 1647 1619 1884 1707; x_wconf 78' lang='lat' dir='ltr'>argumentatio</span> <span class='ocrx_word' id='word_1_135' title='bbox 1898 1612 2060 1685; x_wconf 80' lang='lat' dir='ltr'>circularis</span> <span class='ocrx_word' id='word_1_136' title='bbox 2078 1622 2114 1685; x_wconf 89' lang='lat'>&amp;</span> <span class='ocrx_word' id='word_1_137' title='bbox 2131 1615 2274 1711; x_wconf 84' lang='lat' dir='ltr'>principii</span> 
     </span>
     <span class='ocr_line' id='line_1_12' title="bbox 472 1712 2273 1817; baseline -0.006 -24"><span class='ocrx_word' id='word_1_138' title='bbox 472 1722 751 1817; x_wconf 75' lang='lat' dir='ltr'>etvteepotentte.</span> <span class='ocrx_word' id='word_1_139' title='bbox 800 1717 982 1816; x_wconf 74' lang='lat' dir='ltr'>Quinimo:</span> <span class='ocrx_word' id='word_1_140' title='bbox 1398 1713 1524 1806; x_wconf 87' lang='lat' dir='ltr'>petitio.</span> <span class='ocrx_word' id='word_1_141' title='bbox 1574 1713 1646 1783; x_wconf 91' lang='lat' dir='ltr'>Nos</span> <span class='ocrx_word' id='word_1_142' title='bbox 1663 1729 1796 1787; x_wconf 79' lang='lat' dir='ltr'>contra,</span> <span class='ocrx_word' id='word_1_143' title='bbox 1822 1714 2021 1784; x_wconf 87' lang='lat' dir='ltr'>voluntatem</span> <span class='ocrx_word' id='word_1_144' title='bbox 2030 1712 2273 1785; x_wconf 81' lang='lat' dir='ltr'>Chrilliexsec·</span> 
     </span>
    </p>
   </div>
   <div class='ocr_carea' id='block_1_5' title="bbox 520 1807 2271 2010">
    <p class='ocr_par' dir='ltr' id='par_1_5' title="bbox 520 1807 2271 2010">
     <span class='ocr_line' id='line_1_13' title="bbox 520 1807 2271 2010; baseline 0.007 -62"><span class='ocrx_word' id='word_1_145' title='bbox 520 1874 680 1948; x_wconf 77' lang='lat' dir='ltr'><em>Naturae</em></span> <span class='ocrx_word' id='word_1_146' title='bbox 695 1870 841 1939; x_wconf 80' lang='lat' dir='ltr'>dominus</span> <span class='ocrx_word' id='word_1_147' title='bbox 850 1866 944 1935; x_wconf 85' lang='lat' dir='ltr'>Deus</span> <span class='ocrx_word' id='word_1_148' title='bbox 952 1862 1006 1957; x_wconf 83' lang='lat' dir='ltr'>est,</span> <span class='ocrx_word' id='word_1_149' title='bbox 1015 1875 1140 1932; x_wconf 80' lang='lat' dir='ltr'>notura</span> <span class='ocrx_word' id='word_1_150' title='bbox 1147 1854 1293 1950; x_wconf 75' lang='lat' dir='ltr'>ministra</span> <span class='ocrx_word' id='word_1_151' title='bbox 1302 1854 1358 1951; x_wconf 65' lang='lat' dir='ltr'>‘sta</span> <span class='ocrx_word' id='word_1_152' title='bbox 1397 1807 1652 2004; x_wconf 45' lang='lat' dir='ltr'>gffogegrapffi:</span> <span class='ocrx_word' id='word_1_153' title='bbox 1666 1807 2271 2010; x_wconf 42' lang='lat' dir='ltr'>,dlgcxllmpgtffikztjeffi„2393ss</span> 
     </span>
    </p>
   </div>
   <div class='ocr_carea' id='block_1_6' title="bbox 572 1955 2272 2085">
    <p class='ocr_par' dir='ltr' id='par_1_6' title="bbox 572 1955 2272 2085">
     <span class='ocr_line' id='line_1_14' title="bbox 572 1955 2272 2085; baseline 0.006 -16"><span class='ocrx_word' id='word_1_154' title='bbox 572 1965 808 2069; x_wconf 61' lang='lat' dir='ltr'>Quamsmst</span> <span class='ocrx_word' id='word_1_155' title='bbox 822 1955 1317 2063; x_wconf 49' lang='lat' dir='ltr'>D⁰Mlnlsuffavercnd³s⁶q⁰k</span> <span class='ocrx_word' id='word_1_156' title='bbox 1397 2003 1613 2079; x_wconf 80' lang='lat' dir='ltr'>collocatione</span> <span class='ocrx_word' id='word_1_157' title='bbox 1627 2004 1665 2076; x_wconf 84' lang='lat' dir='ltr'>ad</span> <span class='ocrx_word' id='word_1_158' title='bbox 1683 2004 1827 2078; x_wconf 78' lang='lat' dir='ltr'>dextram</span> <span class='ocrx_word' id='word_1_159' title='bbox 1848 2007 2199 2085; x_wconf 82' lang='lat' dir='ltr'>Deidemonslratn&#39;us.</span> <span class='ocrx_word' id='word_1_160' title='bbox 2241 2010 2272 2080; x_wconf 84' lang='lat' dir='ltr'>Si</span> 
     </span>
    </p>
   </div>
   <div class='ocr_carea' id='block_1_7' title="bbox 335 2098 2275 5178">
    <p class='ocr_par' dir='ltr' id='par_1_7' title="bbox 335 2098 2275 5178">
     <span class='ocr_line' id='line_1_15' title="bbox 469 2098 2274 2212; baseline -0.01 -16"><span class='ocrx_word' id='word_1_161' title='bbox 469 2113 614 2212; x_wconf 63' lang='lat' dir='ltr'>&amp;illiget</span> <span class='ocrx_word' id='word_1_162' title='bbox 629 2133 733 2183; x_wconf 69' lang='lat' dir='ltr'><strong>exerc·</strong></span> <span class='ocrx_word' id='word_1_163' title='bbox 747 2109 786 2175; x_wconf 83' lang='lat' dir='ltr'>V·</span> <span class='ocrx_word' id='word_1_164' title='bbox 798 2102 871 2177; x_wconf 65' lang='lat' dir='ltr'>st&amp;-</span> <span class='ocrx_word' id='word_1_165' title='bbox 889 2113 923 2175; x_wconf 85' lang='lat'>6·</span> <span class='ocrx_word' id='word_1_166' title='bbox 941 2098 1100 2201; x_wconf 64' lang='lat' dir='ltr'>disputat,</span> <span class='ocrx_word' id='word_1_167' title='bbox 1128 2124 1357 2201; x_wconf 68' lang='lat' dir='ltr'>q¹¹²rec⁰rpu⁸</span> <span class='ocrx_word' id='word_1_168' title='bbox 1397 2129 1476 2201; x_wconf 84' lang='lat' dir='ltr'>ergo</span> <span class='ocrx_word' id='word_1_169' title='bbox 1487 2104 1612 2175; x_wconf 81' lang='lat' dir='ltr'>dicator</span> <span class='ocrx_word' id='word_1_170' title='bbox 1625 2102 1685 2178; x_wconf 76' lang='lat' dir='ltr'>etse</span> <span class='ocrx_word' id='word_1_171' title='bbox 1697 2124 1812 2178; x_wconf 85' lang='lat' dir='ltr'>contra</span> <span class='ocrx_word' id='word_1_172' title='bbox 1839 2131 1985 2180; x_wconf 82' lang='lat' dir='ltr'>notorem</span> <span class='ocrx_word' id='word_1_173' title='bbox 2002 2112 2172 2204; x_wconf 83' lang='lat' dir='ltr'>corporis,</span> <span class='ocrx_word' id='word_1_174' title='bbox 2195 2128 2228 2181; x_wconf 90' lang='lat' dir='ltr'>ut</span> <span class='ocrx_word' id='word_1_175' title='bbox 2239 2104 2274 2180; x_wconf 84' lang='lat' dir='ltr'>fit</span> 
     </span>
     <span class='ocr_line' id='line_1_16' title="bbox 470 2196 2273 2303; baseline -0.007 -17"><span class='ocrx_word' id='word_1_176' title='bbox 470 2213 617 2286; x_wconf 75' lang='lat' dir='ltr'>naturale</span> <span class='ocrx_word' id='word_1_177' title='bbox 642 2233 712 2280; x_wconf 89' lang='lat' dir='ltr'>uon</span> <span class='ocrx_word' id='word_1_178' title='bbox 736 2203 832 2302; x_wconf 78' lang='lat' dir='ltr'>possit</span> <span class='ocrx_word' id='word_1_179' title='bbox 869 2196 933 2275; x_wconf 87' lang='lat' dir='ltr'>esse</span> <span class='ocrx_word' id='word_1_180' title='bbox 956 2204 989 2273; x_wconf 91' lang='lat' dir='ltr'>in</span> <span class='ocrx_word' id='word_1_181' title='bbox 1009 2201 1150 2299; x_wconf 89' lang='lat' dir='ltr'>pluribus</span> <span class='ocrx_word' id='word_1_182' title='bbox 1175 2201 1275 2280; x_wconf 88' lang='lat' dir='ltr'>locis,</span> <span class='ocrx_word' id='word_1_183' title='bbox 1298 2196 1353 2270; x_wconf 86' lang='lat' dir='ltr'>sed</span> <span class='ocrx_word' id='word_1_184' title='bbox 1395 2204 1431 2272; x_wconf 90' lang='lat' dir='ltr'>in</span> <span class='ocrx_word' id='word_1_185' title='bbox 1447 2201 1587 2300; x_wconf 89' lang='lat' dir='ltr'>pluribus</span> <span class='ocrx_word' id='word_1_186' title='bbox 1606 2204 1688 2275; x_wconf 88' lang='lat' dir='ltr'>locis</span> <span class='ocrx_word' id='word_1_187' title='bbox 1703 2203 1854 2300; x_wconf 84' lang='lat' dir='ltr'>praesens,</span> <span class='ocrx_word' id='word_1_188' title='bbox 1880 2200 2087 2302; x_wconf 82' lang='lat' dir='ltr'>respondebit</span> <span class='ocrx_word' id='word_1_189' title='bbox 2102 2210 2158 2303; x_wconf 88' lang='lat' dir='ltr'>pia</span> <span class='ocrx_word' id='word_1_190' title='bbox 2174 2233 2273 2297; x_wconf 67' lang='grc' dir='ltr'>ιῃωι,</span> 
     </span>
     <span class='ocr_line' id='line_1_17' title="bbox 391 2299 2273 2398; baseline -0.006 -8"><span class='ocrx_word' id='word_1_191' title='bbox 391 2353 395 2361; x_wconf 96' lang='grc'><strong><em>·</em></strong></span> <span class='ocrx_word' id='word_1_192' title='bbox 468 2335 551 2388; x_wconf 84' lang='lat' dir='ltr'>mox</span> <span class='ocrx_word' id='word_1_193' title='bbox 567 2309 678 2383; x_wconf 84' lang='lat' dir='ltr'>addit:</span> <span class='ocrx_word' id='word_1_194' title='bbox 706 2308 762 2379; x_wconf 88' lang='lat' dir='ltr'>De</span> <span class='ocrx_word' id='word_1_195' title='bbox 776 2303 923 2375; x_wconf 81' lang='lat' dir='ltr'>naturali</span> <span class='ocrx_word' id='word_1_196' title='bbox 939 2327 1069 2396; x_wconf 84' lang='lat' dir='ltr'>torpore</span> <span class='ocrx_word' id='word_1_197' title='bbox 1080 2303 1189 2397; x_wconf 81' lang='lat' dir='ltr'>sermo</span> <span class='ocrx_word' id='word_1_198' title='bbox 1204 2299 1268 2397; x_wconf 80' lang='lat' dir='ltr'>est,</span> <span class='ocrx_word' id='word_1_199' title='bbox 1287 2323 1353 2369; x_wconf 79' lang='lat' dir='ltr'>nott</span> <span class='ocrx_word' id='word_1_200' title='bbox 1392 2304 1462 2373; x_wconf 91' lang='lat' dir='ltr'>imo</span> <span class='ocrx_word' id='word_1_201' title='bbox 1478 2300 1522 2372; x_wconf 84' lang='lat' dir='ltr'>esi</span> <span class='ocrx_word' id='word_1_202' title='bbox 1539 2321 1651 2373; x_wconf 84' lang='lat' dir='ltr'>contra</span> <span class='ocrx_word' id='word_1_203' title='bbox 1670 2323 1817 2376; x_wconf 82' lang='lat' dir='ltr'>naturam</span> <span class='ocrx_word' id='word_1_204' title='bbox 1827 2306 1946 2375; x_wconf 86' lang='lat' dir='ltr'>Chrilli</span> <span class='ocrx_word' id='word_1_205' title='bbox 1962 2314 1996 2377; x_wconf 75' lang='grc' dir='ltr'>δι</span> <span class='ocrx_word' id='word_1_206' title='bbox 2007 2306 2187 2378; x_wconf 86' lang='lat' dir='ltr'>verborum</span> <span class='ocrx_word' id='word_1_207' title='bbox 2198 2313 2273 2398; x_wconf 75' lang='lat' dir='ltr'>elus,</span> 
     </span>
     <span class='ocr_line' id='line_1_18' title="bbox 471 2393 2275 2506; baseline -0.003 -23"><span class='ocrx_word' id='word_1_208' title='bbox 471 2415 510 2483; x_wconf 86' lang='lat' dir='ltr'>tle</span> <span class='ocrx_word' id='word_1_209' title='bbox 535 2406 746 2506; x_wconf 76' lang='lat' dir='ltr'>supertaelesti</span> <span class='ocrx_word' id='word_1_210' title='bbox 755 2403 898 2501; x_wconf 74' lang='lat' dir='ltr'>synaxi.</span> <span class='ocrx_word' id='word_1_211' title='bbox 949 2404 1061 2472; x_wconf 86' lang='lat' dir='ltr'>Exere.</span> <span class='ocrx_word' id='word_1_212' title='bbox 1094 2399 1193 2477; x_wconf 86' lang='lat' dir='ltr'>xvl.</span> <span class='ocrx_word' id='word_1_213' title='bbox 1220 2393 1295 2469; x_wconf 73' lang='lat' dir='ltr'>sest.</span> <span class='ocrx_word' id='word_1_214' title='bbox 1318 2416 1356 2473; x_wconf 81' lang='lat'>2.&#39;</span> <span class='ocrx_word' id='word_1_215' title='bbox 1392 2397 1557 2473; x_wconf 70' lang='lat' dir='ltr'>fallacibus</span> <span class='ocrx_word' id='word_1_216' title='bbox 1578 2425 1616 2473; x_wconf 84' lang='lat' dir='ltr'>ac</span> <span class='ocrx_word' id='word_1_217' title='bbox 1640 2403 1733 2474; x_wconf 84' lang='lat' dir='ltr'>variis</span> <span class='ocrx_word' id='word_1_218' title='bbox 1754 2400 1916 2498; x_wconf 76' lang='lat' dir='ltr'>prorniss&#39;ss</span> <span class='ocrx_word' id='word_1_219' title='bbox 1943 2402 2105 2474; x_wconf 80' lang='lat' dir='ltr'>ludificari</span> <span class='ocrx_word' id='word_1_220' title='bbox 2134 2407 2275 2478; x_wconf 73' lang='lat' dir='ltr'>chritia-</span> 
     </span>
     <span class='ocr_line' id='line_1_19' title="bbox 471 2498 2274 2606; baseline -0.01 -26"><span class='ocrx_word' id='word_1_221' title='bbox 471 2501 1270 2606; x_wconf 77' lang='lat' dir='ltr'>anesuprelegesnaturoe,exnaturoelegibus</span> <span class='ocrx_word' id='word_1_222' title='bbox 1286 2522 1352 2567; x_wconf 81' lang='lat' dir='ltr'>non</span> <span class='ocrx_word' id='word_1_223' title='bbox 1392 2524 1465 2574; x_wconf 85' lang='lat' dir='ltr'>nos.</span> <span class='ocrx_word' id='word_1_224' title='bbox 1515 2498 1694 2596; x_wconf 82' lang='lat' dir='ltr'>Fulgentius</span> <span class='ocrx_word' id='word_1_225' title='bbox 1719 2502 1789 2572; x_wconf 89' lang='lat' dir='ltr'>libr.</span> <span class='ocrx_word' id='word_1_226' title='bbox 1809 2505 1833 2574; x_wconf 83' lang='lat'>1.</span> <span class='ocrx_word' id='word_1_227' title='bbox 1858 2500 1897 2570; x_wconf 85' lang='lat' dir='ltr'>ad</span> <span class='ocrx_word' id='word_1_228' title='bbox 1922 2505 2071 2576; x_wconf 81' lang='lat' dir='ltr'>Monitn.</span> <span class='ocrx_word' id='word_1_229' title='bbox 2095 2529 2130 2600; x_wconf 82' lang='lat' dir='ltr'>p,</span> <span class='ocrx_word' id='word_1_230' title='bbox 2156 2529 2219 2590; x_wconf 54' lang='lat'>²42</span> <span class='ocrx_word' id='word_1_231' title='bbox 2234 2505 2274 2576; x_wconf 59' lang='grc' dir='ltr'>Ι,</span> 
     </span>
     <span class='ocr_line' id='line_1_20' title="bbox 450 2593 2273 2711; baseline -0.007 -29"><span class='ocrx_word' id='word_1_232' title='bbox 450 2609 741 2711; x_wconf 68' lang='lat' dir='ltr'>suntjseditaedo.</span> <span class='ocrx_word' id='word_1_233' title='bbox 764 2605 873 2674; x_wconf 85' lang='lat' dir='ltr'>Exere.</span> <span class='ocrx_word' id='word_1_234' title='bbox 884 2598 1095 2676; x_wconf 82' lang='lat' dir='ltr'><strong>CCCLXV.</strong></span> <span class='ocrx_word' id='word_1_235' title='bbox 1109 2593 1218 2670; x_wconf 59' lang='lat' dir='ltr'>teos.</span> <span class='ocrx_word' id='word_1_236' title='bbox 1231 2601 1352 2693; x_wconf 77' lang='lat' dir='ltr'>Ange·</span> <span class='ocrx_word' id='word_1_237' title='bbox 1394 2600 1460 2669; x_wconf 89' lang='lat' dir='ltr'>Dei</span> <span class='ocrx_word' id='word_1_238' title='bbox 1476 2601 1632 2692; x_wconf 83' lang='lat' dir='ltr'>peomiffis</span> <span class='ocrx_word' id='word_1_239' title='bbox 1647 2600 1735 2671; x_wconf 82' lang='lat' dir='ltr'>nulle</span> <span class='ocrx_word' id='word_1_240' title='bbox 1751 2601 1950 2699; x_wconf 71' lang='lat' dir='ltr'>ellsaiſstes,</span> <span class='ocrx_word' id='word_1_241' title='bbox 1975 2604 2055 2697; x_wconf 80' lang='lat' dir='ltr'>qaia</span> <span class='ocrx_word' id='word_1_242' title='bbox 2069 2603 2273 2700; x_wconf 69' lang='lat' dir='ltr'>infaeindt&#39;e</span> 
     </span>
     <span class='ocr_line' id='line_1_21' title="bbox 459 2697 2251 2810; baseline -0.011 -27"><span class='ocrx_word' id='word_1_243' title='bbox 459 2708 520 2810; x_wconf 81' lang='lat' dir='ltr'>sta</span> <span class='ocrx_word' id='word_1_244' title='bbox 533 2703 804 2800; x_wconf 79' lang='lat' dir='ltr'>rationisnostrae</span> <span class='ocrx_word' id='word_1_245' title='bbox 816 2705 1001 2791; x_wconf 78' lang='lat' dir='ltr'><em>decempeda</em></span> <span class='ocrx_word' id='word_1_246' title='bbox 1014 2697 1353 2791; x_wconf 65' lang='lat' dir='ltr'>inissenfhs‘religionis</span> <span class='ocrx_word' id='word_1_247' title='bbox 1392 2697 1483 2769; x_wconf 76' lang='lat' dir='ltr'>nulle</span> <span class='ocrx_word' id='word_1_248' title='bbox 1503 2701 1711 2791; x_wconf 71' lang='lat' dir='ltr'>omnipontenti</span> <span class='ocrx_word' id='word_1_249' title='bbox 1724 2701 1765 2794; x_wconf 80' lang='lat' dir='ltr'>est</span> <span class='ocrx_word' id='word_1_250' title='bbox 1784 2700 1960 2794; x_wconf 76' lang='lat' dir='ltr'>difficultas.</span> <span class='ocrx_word' id='word_1_251' title='bbox 2247 2698 2251 2708; x_wconf 86' lang='lat'>&#39;</span> 
     </span>
     <span class='ocr_line' id='line_1_22' title="bbox 454 2793 1413 2904; baseline -0.021 -23"><span class='ocrx_word' id='word_1_252' title='bbox 454 2806 707 2904; x_wconf 77' lang='lat' dir='ltr'>&#39;nostraeagtos</span> <span class='ocrx_word' id='word_1_253' title='bbox 728 2804 834 2872; x_wconf 86' lang='lat' dir='ltr'>metiti</span> <span class='ocrx_word' id='word_1_254' title='bbox 853 2824 917 2869; x_wconf 85' lang='lat' dir='ltr'>nott</span> <span class='ocrx_word' id='word_1_255' title='bbox 928 2793 1106 2892; x_wconf 65' lang='lat' dir='ltr'>ptffumtts.</span> <span class='ocrx_word' id='word_1_256' title='bbox 1133 2795 1220 2865; x_wconf 76' lang='lat' dir='ltr'>Seu.</span> <span class='ocrx_word' id='word_1_257' title='bbox 1236 2817 1266 2871; x_wconf 90' lang='lat'>9.</span> <span class='ocrx_word' id='word_1_258' title='bbox 1291 2794 1351 2863; x_wconf 84' lang='lat' dir='ltr'>In·</span> <span class='ocrx_word' id='word_1_259' title='bbox 1410 2863 1413 2868; x_wconf 76' lang='grc'>,</span> 
     </span>
     <span class='ocr_line' id='line_1_23' title="bbox 471 2890 1996 3001; baseline -0.018 -23"><span class='ocrx_word' id='word_1_260' title='bbox 471 2903 624 3001; x_wconf 74' lang='lat' dir='ltr'>teresi&amp;</span> <span class='ocrx_word' id='word_1_261' title='bbox 636 2900 760 2994; x_wconf 79' lang='lat' dir='ltr'>nostroe</span> <span class='ocrx_word' id='word_1_262' title='bbox 770 2901 905 2993; x_wconf 84' lang='lat' dir='ltr'>pietatis</span> <span class='ocrx_word' id='word_1_263' title='bbox 926 2893 973 2968; x_wconf 66' lang='lat' dir='ltr'>s!</span> <span class='ocrx_word' id='word_1_264' title='bbox 997 2897 1063 2967; x_wconf 86' lang='lat' dir='ltr'>Dei</span> <span class='ocrx_word' id='word_1_265' title='bbox 1075 2894 1296 2992; x_wconf 63' lang='lat' dir='ltr'>immensitatis</span> <span class='ocrx_word' id='word_1_266' title='bbox 1314 2915 1352 2963; x_wconf 83' lang='lat' dir='ltr'>ee</span> <span class='ocrx_word' id='word_1_267' title='bbox 1440 2890 1479 2993; x_wconf 93' lang='lat'>5</span> <span class='ocrx_word' id='word_1_268' title='bbox 1507 2896 1707 2974; x_wconf 76' lang='lat' dir='ltr'>LXXXIX,</span> <span class='ocrx_word' id='word_1_269' title='bbox 1740 2897 1807 2988; x_wconf 67' lang='lat' dir='ltr'>IL)</span> <span class='ocrx_word' id='word_1_270' title='bbox 1831 2892 1881 2973; x_wconf 63' lang='lat' dir='ltr'>To*</span> <span class='ocrx_word' id='word_1_271' title='bbox 1899 2892 1996 3001; x_wconf 53' lang='lat'>3543,</span> 
     </span>
     <span class='ocr_line' id='line_1_24' title="bbox 458 2987 2254 3104; baseline -0.007 -29"><span class='ocrx_word' id='word_1_272' title='bbox 458 3003 606 3103; x_wconf 75' lang='lat' dir='ltr'>stertire,</span> <span class='ocrx_word' id='word_1_273' title='bbox 632 2999 848 3100; x_wconf 75' lang='lat' dir='ltr'>quaesentire</span> <span class='ocrx_word' id='word_1_274' title='bbox 866 3021 930 3086; x_wconf 76' lang='lat' dir='ltr'>non</span> <span class='ocrx_word' id='word_1_275' title='bbox 939 2992 1128 3092; x_wconf 80' lang='lat' dir='ltr'>poffumtts,</span> <span class='ocrx_word' id='word_1_276' title='bbox 1143 2987 1268 3087; x_wconf 82' lang='lat' dir='ltr'>sentire</span> <span class='ocrx_word' id='word_1_277' title='bbox 1282 2995 1351 3088; x_wconf 81' lang='lat' dir='ltr'>qui·</span> <span class='ocrx_word' id='word_1_278' title='bbox 1390 2997 1570 3066; x_wconf 82' lang='lat' dir='ltr'>verborum</span> <span class='ocrx_word' id='word_1_279' title='bbox 1586 3023 1684 3067; x_wconf 83' lang='lat' dir='ltr'>roenae</span> <span class='ocrx_word' id='word_1_280' title='bbox 1704 3003 1800 3070; x_wconf 82' lang='lat' dir='ltr'>etiam</span> <span class='ocrx_word' id='word_1_281' title='bbox 1828 3023 1899 3068; x_wconf 84' lang='lat' dir='ltr'>eum</span> <span class='ocrx_word' id='word_1_282' title='bbox 1916 3002 1999 3068; x_wconf 85' lang='lat' dir='ltr'>arti·</span> <span class='ocrx_word' id='word_1_283' title='bbox 2048 3019 2099 3104; x_wconf 54' lang='lat'>2)</span> <span class='ocrx_word' id='word_1_284' title='bbox 2115 3021 2254 3087; x_wconf 56' lang='lat' dir='ltr'>ymb-5</span> 
     </span>
     <span class='ocr_line' id='line_1_25' title="bbox 467 3092 2250 3197; baseline -0.007 -23"><span class='ocrx_word' id='word_1_285' title='bbox 467 3108 537 3176; x_wconf 80' lang='lat' dir='ltr'>tim</span> <span class='ocrx_word' id='word_1_286' title='bbox 551 3106 588 3174; x_wconf 84' lang='lat' dir='ltr'>ite</span> <span class='ocrx_word' id='word_1_287' title='bbox 616 3101 709 3197; x_wconf 78' lang='lat' dir='ltr'>ipsi),</span> <span class='ocrx_word' id='word_1_288' title='bbox 731 3123 793 3192; x_wconf 87' lang='lat' dir='ltr'>per</span> <span class='ocrx_word' id='word_1_289' title='bbox 820 3097 944 3192; x_wconf 84' lang='lat' dir='ltr'>ipsum,</span> <span class='ocrx_word' id='word_1_290' title='bbox 967 3119 1050 3192; x_wconf 82' lang='lat' dir='ltr'>quae</span> <span class='ocrx_word' id='word_1_291' title='bbox 1068 3118 1131 3190; x_wconf 83' lang='lat' dir='ltr'>pet</span> <span class='ocrx_word' id='word_1_292' title='bbox 1155 3117 1215 3162; x_wconf 82' lang='lat' dir='ltr'>nos</span> <span class='ocrx_word' id='word_1_293' title='bbox 1228 3092 1353 3187; x_wconf 80' lang='lat' dir='ltr'>sentire</span> <span class='ocrx_word' id='word_1_294' title='bbox 1391 3095 1460 3163; x_wconf 84' lang='lat' dir='ltr'>culo</span> <span class='ocrx_word' id='word_1_295' title='bbox 1474 3099 1512 3164; x_wconf 82' lang='lat' dir='ltr'>de</span> <span class='ocrx_word' id='word_1_296' title='bbox 1529 3096 1647 3193; x_wconf 78' lang='lat' dir='ltr'>Cleristi</span> <span class='ocrx_word' id='word_1_297' title='bbox 1663 3103 1706 3166; x_wconf 84' lang='lat' dir='ltr'>ad</span> <span class='ocrx_word' id='word_1_298' title='bbox 1719 3100 1806 3168; x_wconf 81' lang='lat' dir='ltr'>telos</span> <span class='ocrx_word' id='word_1_299' title='bbox 1827 3097 2001 3197; x_wconf 82' lang='lat' dir='ltr'>adscenſso·</span> <span class='ocrx_word' id='word_1_300' title='bbox 2036 3101 2250 3183; x_wconf 69' lang='lat' dir='ltr'>finsuspugm</span> 
     </span>
     <span class='ocr_line' id='line_1_26' title="bbox 335 3180 2235 3299; baseline -0.01 -20"><span class='ocrx_word' id='word_1_301' title='bbox 335 3251 337 3256; x_wconf 95' lang='lat'>·</span> <span class='ocrx_word' id='word_1_302' title='bbox 468 3225 674 3299; x_wconf 71' lang='lat' dir='ltr'>nequeamus.</span> <span class='ocrx_word' id='word_1_303' title='bbox 724 3193 892 3293; x_wconf 67' lang='lat' dir='ltr'>ldjpsum</span> <span class='ocrx_word' id='word_1_304' title='bbox 918 3219 954 3265; x_wconf 86' lang='lat' dir='ltr'>ex</span> <span class='ocrx_word' id='word_1_305' title='bbox 974 3191 1062 3274; x_wconf 89' lang='lat' dir='ltr'>aliis,</span> <span class='ocrx_word' id='word_1_306' title='bbox 1088 3195 1184 3266; x_wconf 88' lang='lat' dir='ltr'>etiam</span> <span class='ocrx_word' id='word_1_307' title='bbox 1204 3180 1352 3287; x_wconf 78' lang='lat' dir='ltr'>profanis</span> <span class='ocrx_word' id='word_1_308' title='bbox 1390 3216 1431 3263; x_wconf 83' lang='lat' dir='ltr'>tte</span> <span class='ocrx_word' id='word_1_309' title='bbox 1454 3219 1609 3293; x_wconf 81' lang='lat' dir='ltr'>pugnare</span> <span class='ocrx_word' id='word_1_310' title='bbox 1647 3192 1820 3276; x_wconf 83' lang='lat' dir='ltr'>adserunt,</span> <span class='ocrx_word' id='word_1_311' title='bbox 1855 3199 1997 3295; x_wconf 87' lang='lat' dir='ltr'>ideoque</span> <span class='ocrx_word' id='word_1_312' title='bbox 2046 3183 2235 3277; x_wconf 62' lang='lat' dir='ltr'>‘&#39;W&#39;W?</span> 
     </span>
     <span class='ocr_line' id='line_1_27' title="bbox 465 3259 2243 3404; baseline -0.011 -31"><span class='ocrx_word' id='word_1_313' title='bbox 465 3295 688 3404; x_wconf 88' lang='lat' dir='ltr'>philosophis,</span> <span class='ocrx_word' id='word_1_314' title='bbox 704 3295 918 3378; x_wconf 84' lang='lat' dir='ltr'>detnonslrari</span> <span class='ocrx_word' id='word_1_315' title='bbox 945 3288 1056 3391; x_wconf 80' lang='lat' dir='ltr'>pollet.</span> <span class='ocrx_word' id='word_1_316' title='bbox 1111 3289 1197 3378; x_wconf 86' lang='lat'>12.)</span> <span class='ocrx_word' id='word_1_317' title='bbox 1223 3291 1256 3358; x_wconf 88' lang='lat' dir='ltr'>Si</span> <span class='ocrx_word' id='word_1_318' title='bbox 1277 3313 1349 3359; x_wconf 84' lang='lat' dir='ltr'>rent</span> <span class='ocrx_word' id='word_1_319' title='bbox 1390 3296 1509 3361; x_wconf 89' lang='lat' dir='ltr'>metito</span> <span class='ocrx_word' id='word_1_320' title='bbox 1526 3292 1738 3365; x_wconf 87' lang='lat' dir='ltr'>deserendum</span> <span class='ocrx_word' id='word_1_321' title='bbox 1757 3290 1829 3366; x_wconf 83' lang='lat' dir='ltr'>effe.</span> <span class='ocrx_word' id='word_1_322' title='bbox 1881 3295 1995 3364; x_wconf 86' lang='lat' dir='ltr'>Wita.</span> <span class='ocrx_word' id='word_1_323' title='bbox 2063 3259 2243 3346; x_wconf 51' lang='lat' dir='ltr'>“ss“ffilm·</span> 
     </span>
     <span class='ocr_line' id='line_1_28' title="bbox 467 3385 2110 3496; baseline -0.006 -23"><span class='ocrx_word' id='word_1_324' title='bbox 467 3400 557 3473; x_wconf 80' lang='lat' dir='ltr'>reete</span> <span class='ocrx_word' id='word_1_325' title='bbox 573 3397 753 3496; x_wconf 80' lang='lat' dir='ltr'>expendere</span> <span class='ocrx_word' id='word_1_326' title='bbox 774 3394 934 3473; x_wconf 81' lang='lat' dir='ltr'>velimus,</span> <span class='ocrx_word' id='word_1_327' title='bbox 955 3408 1097 3490; x_wconf 79' lang='lat' dir='ltr'>¹quatuor</span> <span class='ocrx_word' id='word_1_328' title='bbox 1124 3390 1253 3459; x_wconf 83' lang='lat' dir='ltr'>termini</span> <span class='ocrx_word' id='word_1_329' title='bbox 1278 3385 1349 3458; x_wconf 90' lang='lat' dir='ltr'>sunt</span> <span class='ocrx_word' id='word_1_330' title='bbox 1388 3390 1521 3484; x_wconf 86' lang='lat' dir='ltr'>kerusq.</span> <span class='ocrx_word' id='word_1_331' title='bbox 1541 3415 1571 3471; x_wconf 82' lang='lat'>5.</span> <span class='ocrx_word' id='word_1_332' title='bbox 1590 3418 1618 3463; x_wconf 88' lang='lat' dir='ltr'>c.</span> <span class='ocrx_word' id='word_1_333' title='bbox 1637 3416 1666 3470; x_wconf 88' lang='lat'>9.</span> <span class='ocrx_word' id='word_1_334' title='bbox 1685 3391 1726 3463; x_wconf 86' lang='lat' dir='ltr'>de</span> <span class='ocrx_word' id='word_1_335' title='bbox 1739 3389 1883 3490; x_wconf 89' lang='lat' dir='ltr'>scriptur.</span> <span class='ocrx_word' id='word_1_336' title='bbox 1896 3402 1930 3466; x_wconf 91' lang='lat'>&amp;</span> <span class='ocrx_word' id='word_1_337' title='bbox 1948 3420 1996 3466; x_wconf 90' lang='lat' dir='ltr'>re·</span> <span class='ocrx_word' id='word_1_338' title='bbox 2107 3403 2110 3408; x_wconf 85' lang='lat'>&#39;</span> 
     </span>
     <span class='ocr_line' id='line_1_29' title="bbox 448 3484 2269 3593; baseline -0.008 -20"><span class='ocrx_word' id='word_1_339' title='bbox 448 3487 1070 3593; x_wconf 79' lang='lat' dir='ltr'>&#39;inhocargutnentoadversariorum:</span> <span class='ocrx_word' id='word_1_340' title='bbox 1121 3484 1257 3559; x_wconf 80' lang='lat' dir='ltr'>Nullum</span> <span class='ocrx_word' id='word_1_341' title='bbox 1272 3509 1347 3556; x_wconf 88' lang='lat' dir='ltr'>cor·</span> <span class='ocrx_word' id='word_1_342' title='bbox 1386 3485 1465 3587; x_wconf 89' lang='lat' dir='ltr'>liqui</span> <span class='ocrx_word' id='word_1_343' title='bbox 1478 3486 1546 3559; x_wconf 86' lang='lat' dir='ltr'>fere</span> <span class='ocrx_word' id='word_1_344' title='bbox 1563 3516 1689 3563; x_wconf 80' lang='lat' dir='ltr'>ornnes.</span> <span class='ocrx_word' id='word_1_345' title='bbox 1738 3494 1832 3589; x_wconf 85' lang='lat' dir='ltr'>Resp.</span> <span class='ocrx_word' id='word_1_346' title='bbox 1866 3494 1919 3583; x_wconf 86' lang='lat' dir='ltr'>t.)</span> <span class='ocrx_word' id='word_1_347' title='bbox 1942 3494 2132 3588; x_wconf 80' lang='lat' dir='ltr'>Utrumque</span> <span class='ocrx_word' id='word_1_348' title='bbox 2153 3490 2269 3568; x_wconf 76' lang='lat' dir='ltr'>adserit</span> 
     </span>
     <span class='ocr_line' id='line_1_30' title="bbox 467 3583 2268 3694; baseline -0.004 -26"><span class='ocrx_word' id='word_1_349' title='bbox 467 3622 528 3694; x_wconf 90' lang='lat' dir='ltr'>pus</span> <span class='ocrx_word' id='word_1_350' title='bbox 549 3597 694 3669; x_wconf 84' lang='lat' dir='ltr'>naturale</span> <span class='ocrx_word' id='word_1_351' title='bbox 717 3596 762 3666; x_wconf 88' lang='lat' dir='ltr'>est</span> <span class='ocrx_word' id='word_1_352' title='bbox 784 3597 817 3663; x_wconf 91' lang='lat' dir='ltr'>in</span> <span class='ocrx_word' id='word_1_353' title='bbox 840 3590 981 3689; x_wconf 89' lang='lat' dir='ltr'>pluribus</span> <span class='ocrx_word' id='word_1_354' title='bbox 1002 3588 1103 3660; x_wconf 86' lang='lat' dir='ltr'>locis:</span> <span class='ocrx_word' id='word_1_355' title='bbox 1128 3583 1248 3657; x_wconf 78' lang='lat' dir='ltr'>Christi</span> <span class='ocrx_word' id='word_1_356' title='bbox 1268 3609 1346 3655; x_wconf 81' lang='lat' dir='ltr'>cor·</span> <span class='ocrx_word' id='word_1_357' title='bbox 1388 3583 1562 3683; x_wconf 85' lang='lat' dir='ltr'>scriptura,</span> <span class='ocrx_word' id='word_1_358' title='bbox 1591 3590 1756 3660; x_wconf 86' lang='lat' dir='ltr'>Chrillum</span> <span class='ocrx_word' id='word_1_359' title='bbox 1775 3591 1831 3662; x_wconf 87' lang='lat' dir='ltr'>suo</span> <span class='ocrx_word' id='word_1_360' title='bbox 1849 3617 1985 3688; x_wconf 88' lang='lat' dir='ltr'>corpore</span> <span class='ocrx_word' id='word_1_361' title='bbox 2008 3586 2209 3666; x_wconf 75' lang='lat' dir='ltr'>adscendisse</span> <span class='ocrx_word' id='word_1_362' title='bbox 2227 3593 2268 3666; x_wconf 86' lang='lat' dir='ltr'>ad</span> 
     </span>
     <span class='ocr_line' id='line_1_31' title="bbox 467 3683 2265 3793; baseline -0.002 -27"><span class='ocrx_word' id='word_1_363' title='bbox 467 3696 589 3793; x_wconf 84' lang='lat' dir='ltr'>pusoll</span> <span class='ocrx_word' id='word_1_364' title='bbox 610 3692 765 3767; x_wconf 83' lang='lat' dir='ltr'>naturale.</span> <span class='ocrx_word' id='word_1_365' title='bbox 799 3693 900 3787; x_wconf 82' lang='lat' dir='ltr'>Ergo.</span> <span class='ocrx_word' id='word_1_366' title='bbox 925 3692 1042 3789; x_wconf 80' lang='lat' dir='ltr'>Major</span> <span class='ocrx_word' id='word_1_367' title='bbox 1057 3686 1291 3781; x_wconf 85' lang='lat' dir='ltr'>enimloquitur</span> <span class='ocrx_word' id='word_1_368' title='bbox 1307 3683 1350 3755; x_wconf 83' lang='lat' dir='ltr'>de</span> <span class='ocrx_word' id='word_1_369' title='bbox 1388 3685 1506 3765; x_wconf 83' lang='lat' dir='ltr'>coelos,</span> <span class='ocrx_word' id='word_1_370' title='bbox 1529 3695 1563 3760; x_wconf 74' lang='grc' dir='ltr'>ἀ</span> <span class='ocrx_word' id='word_1_371' title='bbox 1586 3710 1699 3759; x_wconf 84' lang='lat' dir='ltr'>vetunt</span> <span class='ocrx_word' id='word_1_372' title='bbox 1722 3690 1839 3760; x_wconf 78' lang='lat' dir='ltr'>Christi</span> <span class='ocrx_word' id='word_1_373' title='bbox 1865 3717 1982 3788; x_wconf 89' lang='lat' dir='ltr'>corpus</span> <span class='ocrx_word' id='word_1_374' title='bbox 2006 3692 2041 3761; x_wconf 91' lang='lat' dir='ltr'>iu</span> <span class='ocrx_word' id='word_1_375' title='bbox 2064 3692 2153 3762; x_wconf 74' lang='lat' dir='ltr'>sucre</span> <span class='ocrx_word' id='word_1_376' title='bbox 2176 3717 2265 3767; x_wconf 74' lang='lat' dir='ltr'>cem</span> 
     </span>
     <span class='ocr_line' id='line_1_32' title="bbox 393 3780 2265 3891; baseline -0.003 -24"><span class='ocrx_word' id='word_1_377' title='bbox 393 3802 395 3806; x_wconf 79' lang='grc'><strong>’</strong></span> <span class='ocrx_word' id='word_1_378' title='bbox 467 3816 712 3891; x_wconf 76' lang='lat' dir='ltr'>eorporemere</span> <span class='ocrx_word' id='word_1_379' title='bbox 737 3791 919 3865; x_wconf 66' lang='lat' dir='ltr'>humnno,¹</span> <span class='ocrx_word' id='word_1_380' title='bbox 943 3785 1061 3857; x_wconf 85' lang='lat' dir='ltr'>Christi</span> <span class='ocrx_word' id='word_1_381' title='bbox 1094 3806 1348 3879; x_wconf 80' lang='lat' dir='ltr'>autemcorpus</span> <span class='ocrx_word' id='word_1_382' title='bbox 1387 3780 1523 3879; x_wconf 83' lang='lat' dir='ltr'>praesens</span> <span class='ocrx_word' id='word_1_383' title='bbox 1543 3784 1633 3865; x_wconf 84' lang='lat' dir='ltr'>else,</span> <span class='ocrx_word' id='word_1_384' title='bbox 1659 3813 1830 3887; x_wconf 86' lang='lat' dir='ltr'>utrumque</span> <span class='ocrx_word' id='word_1_385' title='bbox 1842 3794 1939 3887; x_wconf 85' lang='lat' dir='ltr'>igitur</span> <span class='ocrx_word' id='word_1_386' title='bbox 1954 3793 1986 3858; x_wconf 92' lang='lat' dir='ltr'>in</span> <span class='ocrx_word' id='word_1_387' title='bbox 2004 3815 2078 3858; x_wconf 82' lang='lat' dir='ltr'>veta</span> <span class='ocrx_word' id='word_1_388' title='bbox 2095 3789 2176 3862; x_wconf 81' lang='lat' dir='ltr'>fidei</span> <span class='ocrx_word' id='word_1_389' title='bbox 2189 3793 2265 3864; x_wconf 83' lang='lat' dir='ltr'>obe·</span> 
     </span>
     <span class='ocr_line' id='line_1_33' title="bbox 466 3880 2263 3982; baseline -0.008 -15"><span class='ocrx_word' id='word_1_390' title='bbox 466 3883 538 3966; x_wconf 67' lang='lat' dir='ltr'>non</span> <span class='ocrx_word' id='word_1_391' title='bbox 552 3890 597 3965; x_wconf 87' lang='lat' dir='ltr'>est</span> <span class='ocrx_word' id='word_1_392' title='bbox 622 3916 713 3962; x_wconf 75' lang='lat' dir='ltr'>terere</span> <span class='ocrx_word' id='word_1_393' title='bbox 733 3891 938 3966; x_wconf 85' lang='lat' dir='ltr'>humanum,</span> <span class='ocrx_word' id='word_1_394' title='bbox 964 3882 1017 3957; x_wconf 90' lang='lat' dir='ltr'>sed</span> <span class='ocrx_word' id='word_1_395' title='bbox 1040 3882 1135 3980; x_wconf 77' lang='lat' dir='ltr'>ipsius</span> <span class='ocrx_word' id='word_1_396' title='bbox 1155 3880 1249 3977; x_wconf 66' lang='grc' dir='ltr'>λέγε</span> <span class='ocrx_word' id='word_1_397' title='bbox 1274 3907 1349 3977; x_wconf 87' lang='lat' dir='ltr'>pto·</span> <span class='ocrx_word' id='word_1_398' title='bbox 1388 3881 1509 3953; x_wconf 85' lang='lat' dir='ltr'>dientia</span> <span class='ocrx_word' id='word_1_399' title='bbox 1535 3908 1745 3982; x_wconf 79' lang='lat' dir='ltr'>acceptamus.</span> <span class='ocrx_word' id='word_1_400' title='bbox 1801 3891 1856 3977; x_wconf 84' lang='lat' dir='ltr'>e.)</span> <span class='ocrx_word' id='word_1_401' title='bbox 1882 3886 2022 3963; x_wconf 79' lang='lat' dir='ltr'>Articuli</span> <span class='ocrx_word' id='word_1_402' title='bbox 2049 3887 2132 3960; x_wconf 67' lang='lat' dir='ltr'>fidei</span> <span class='ocrx_word' id='word_1_403' title='bbox 2160 3892 2263 3962; x_wconf 73' lang='lat' dir='ltr'>verbis</span> 
     </span>
     <span class='ocr_line' id='line_1_34' title="bbox 427 3982 2262 4086; baseline 0.035 -99"><span class='ocrx_word' id='word_1_404' title='bbox 427 3984 436 4082; x_wconf 25' lang='grc' dir='ltr'>,ι</span> <span class='ocrx_word' id='word_1_405' title='bbox 492 3994 576 4063; x_wconf 77' lang='lat' dir='ltr'>rium</span> <span class='ocrx_word' id='word_1_406' title='bbox 600 4014 716 4084; x_wconf 89' lang='lat' dir='ltr'>corpus</span> <span class='ocrx_word' id='word_1_407' title='bbox 748 3983 953 4085; x_wconf 84' lang='lat' dir='ltr'>personaliter</span> <span class='ocrx_word' id='word_1_408' title='bbox 980 3990 1009 4055; x_wconf 88' lang='lat' dir='ltr'>ei</span> <span class='ocrx_word' id='word_1_409' title='bbox 1040 3986 1180 4056; x_wconf 87' lang='lat' dir='ltr'>unitum.</span> <span class='ocrx_word' id='word_1_410' title='bbox 1232 3984 1349 4080; x_wconf 83' lang='lat' dir='ltr'>Major</span> <span class='ocrx_word' id='word_1_411' title='bbox 1387 3986 1549 4077; x_wconf 90' lang='lat' dir='ltr'>propriis,</span> <span class='ocrx_word' id='word_1_412' title='bbox 1575 3986 1662 4057; x_wconf 85' lang='lat' dir='ltr'>claris</span> <span class='ocrx_word' id='word_1_413' title='bbox 1681 3986 1897 4083; x_wconf 80' lang='lat' dir='ltr'>&amp;perspicuis</span> <span class='ocrx_word' id='word_1_414' title='bbox 1917 3993 1950 4055; x_wconf 90' lang='lat' dir='ltr'>ln</span> <span class='ocrx_word' id='word_1_415' title='bbox 1973 3982 2131 4081; x_wconf 84' lang='lat' dir='ltr'>scriptura</span> <span class='ocrx_word' id='word_1_416' title='bbox 2147 4012 2262 4086; x_wconf 82' lang='lat' dir='ltr'>propo.</span> 
     </span>
     <span class='ocr_line' id='line_1_35' title="bbox 466 4015 2263 4189; baseline -0.002 -27"><span class='ocrx_word' id='word_1_417' title='bbox 466 4015 610 4189; x_wconf 65' lang='lat' dir='ltr'>ltquitur</span> <span class='ocrx_word' id='word_1_418' title='bbox 631 4089 673 4158; x_wconf 86' lang='lat' dir='ltr'>de</span> <span class='ocrx_word' id='word_1_419' title='bbox 692 4112 831 4184; x_wconf 84' lang='lat' dir='ltr'>corpote</span> <span class='ocrx_word' id='word_1_420' title='bbox 848 4084 980 4155; x_wconf 86' lang='lat' dir='ltr'>naturali</span> <span class='ocrx_word' id='word_1_421' title='bbox 1006 4107 1162 4181; x_wconf 87' lang='lat' dir='ltr'>quatenus</span> <span class='ocrx_word' id='word_1_422' title='bbox 1184 4079 1257 4164; x_wconf 85' lang='lat' dir='ltr'>tali,</span> <span class='ocrx_word' id='word_1_423' title='bbox 1281 4082 1347 4152; x_wconf 88' lang='lat' dir='ltr'>hoc</span> <span class='ocrx_word' id='word_1_424' title='bbox 1387 4076 1437 4148; x_wconf 82' lang='lat' dir='ltr'>sni</span> <span class='ocrx_word' id='word_1_425' title='bbox 1461 4108 1527 4152; x_wconf 92' lang='lat' dir='ltr'>non</span> <span class='ocrx_word' id='word_1_426' title='bbox 1551 4082 1666 4154; x_wconf 86' lang='lat' dir='ltr'>debent</span> <span class='ocrx_word' id='word_1_427' title='bbox 1684 4081 1739 4154; x_wconf 78' lang='lat' dir='ltr'>sibi</span> <span class='ocrx_word' id='word_1_428' title='bbox 1762 4091 1899 4156; x_wconf 84' lang='lat' dir='ltr'>invicem</span> <span class='ocrx_word' id='word_1_429' title='bbox 1922 4090 2059 4180; x_wconf 88' lang='lat' dir='ltr'>opponi.</span> <span class='ocrx_word' id='word_1_430' title='bbox 2116 4091 2204 4158; x_wconf 83' lang='lat' dir='ltr'>Sicut</span> <span class='ocrx_word' id='word_1_431' title='bbox 2221 4086 2263 4161; x_wconf 85' lang='lat' dir='ltr'>es·</span> 
     </span>
     <span class='ocr_line' id='line_1_36' title="bbox 465 4172 2260 4286; baseline -0.006 -24"><span class='ocrx_word' id='word_1_432' title='bbox 465 4192 535 4268; x_wconf 82' lang='lat' dir='ltr'>est,</span> <span class='ocrx_word' id='word_1_433' title='bbox 562 4205 717 4286; x_wconf 86' lang='lat' dir='ltr'>quatenns</span> <span class='ocrx_word' id='word_1_434' title='bbox 739 4182 957 4258; x_wconf 77' lang='lat' dir='ltr'>consideratur</span> <span class='ocrx_word' id='word_1_435' title='bbox 981 4208 1021 4256; x_wconf 88' lang='lat' dir='ltr'>ex</span> <span class='ocrx_word' id='word_1_436' title='bbox 1041 4183 1201 4278; x_wconf 84' lang='lat' dir='ltr'>principiis</span> <span class='ocrx_word' id='word_1_437' title='bbox 1217 4188 1253 4252; x_wconf 70' lang='grc' dir='ltr'>ὅ(</span> <span class='ocrx_word' id='word_1_438' title='bbox 1267 4204 1343 4274; x_wconf 89' lang='lat' dir='ltr'>pto·</span> <span class='ocrx_word' id='word_1_439' title='bbox 1385 4172 1493 4249; x_wconf 74' lang='lat' dir='ltr'>senne</span> <span class='ocrx_word' id='word_1_440' title='bbox 1515 4187 1617 4251; x_wconf 86' lang='lat' dir='ltr'>unitas</span> <span class='ocrx_word' id='word_1_441' title='bbox 1635 4209 1701 4252; x_wconf 91' lang='lat' dir='ltr'>non</span> <span class='ocrx_word' id='word_1_442' title='bbox 1736 4189 1780 4255; x_wconf 80' lang='lat' dir='ltr'>est</span> <span class='ocrx_word' id='word_1_443' title='bbox 1802 4183 1997 4283; x_wconf 84' lang='lat' dir='ltr'>opponenda</span> <span class='ocrx_word' id='word_1_444' title='bbox 2015 4187 2176 4257; x_wconf 69' lang='lat' dir='ltr'>&#39;l&#39;riuitati</span> <span class='ocrx_word' id='word_1_445' title='bbox 2195 4211 2260 4281; x_wconf 83' lang='lat' dir='ltr'>pet·</span> 
     </span>
     <span class='ocr_line' id='line_1_37' title="bbox 464 4270 2257 4386; baseline -0.003 -27"><span class='ocrx_word' id='word_1_446' title='bbox 464 4287 651 4386; x_wconf 74' lang='lat' dir='ltr'>prietatibus</span> <span class='ocrx_word' id='word_1_447' title='bbox 672 4281 808 4358; x_wconf 84' lang='lat' dir='ltr'>&#39;effentiae</span> <span class='ocrx_word' id='word_1_448' title='bbox 829 4280 914 4366; x_wconf 81' lang='lat' dir='ltr'>suae,</span> <span class='ocrx_word' id='word_1_449' title='bbox 943 4289 1006 4374; x_wconf 80' lang='lat' dir='ltr'>jam</span> <span class='ocrx_word' id='word_1_450' title='bbox 1022 4279 1201 4378; x_wconf 85' lang='lat' dir='ltr'>veroquod</span> <span class='ocrx_word' id='word_1_451' title='bbox 1223 4276 1342 4348; x_wconf 73' lang='lat' dir='ltr'>Christi</span> <span class='ocrx_word' id='word_1_452' title='bbox 1383 4270 1558 4355; x_wconf 83' lang='lat' dir='ltr'>sonarum,</span> <span class='ocrx_word' id='word_1_453' title='bbox 1583 4285 1728 4375; x_wconf 86' lang='lat' dir='ltr'>quamvis</span> <span class='ocrx_word' id='word_1_454' title='bbox 1756 4290 1838 4355; x_wconf 84' lang='lat' dir='ltr'>ratio</span> <span class='ocrx_word' id='word_1_455' title='bbox 1860 4287 1965 4354; x_wconf 80' lang='lat' dir='ltr'>nostra</span> <span class='ocrx_word' id='word_1_456' title='bbox 1985 4285 2055 4353; x_wconf 70' lang='lat' dir='ltr'>lenc</span> <span class='ocrx_word' id='word_1_457' title='bbox 2072 4287 2142 4353; x_wconf 89' lang='lat' dir='ltr'>dno</span> <span class='ocrx_word' id='word_1_458' title='bbox 2157 4311 2257 4382; x_wconf 86' lang='lat' dir='ltr'>oppo·</span> 
     </span>
     <span class='ocr_line' id='line_1_38' title="bbox 464 4371 2255 4486; baseline -0.006 -26"><span class='ocrx_word' id='word_1_459' title='bbox 464 4382 581 4486; x_wconf 72' lang='lat' dir='ltr'>coeptus</span> <span class='ocrx_word' id='word_1_460' title='bbox 596 4387 713 4458; x_wconf 88' lang='lat' dir='ltr'>dieitur</span> <span class='ocrx_word' id='word_1_461' title='bbox 728 4379 791 4457; x_wconf 81' lang='lat' dir='ltr'>esse</span> <span class='ocrx_word' id='word_1_462' title='bbox 806 4382 983 4480; x_wconf 80' lang='lat' dir='ltr'>praesensin</span> <span class='ocrx_word' id='word_1_463' title='bbox 1003 4405 1117 4456; x_wconf 75' lang='lat' dir='ltr'>coena,</span> <span class='ocrx_word' id='word_1_464' title='bbox 1143 4378 1176 4449; x_wconf 86' lang='lat' dir='ltr'>id</span> <span class='ocrx_word' id='word_1_465' title='bbox 1197 4401 1264 4447; x_wconf 92' lang='lat' dir='ltr'>non</span> <span class='ocrx_word' id='word_1_466' title='bbox 1286 4376 1341 4446; x_wconf 82' lang='lat' dir='ltr'>ad·</span> <span class='ocrx_word' id='word_1_467' title='bbox 1383 4371 1438 4444; x_wconf 82' lang='lat' dir='ltr'>fita</span> <span class='ocrx_word' id='word_1_468' title='bbox 1458 4377 1518 4451; x_wconf 84' lang='lat' dir='ltr'>elle</span> <span class='ocrx_word' id='word_1_469' title='bbox 1538 4380 1681 4471; x_wconf 83' lang='lat' dir='ltr'>judicet,</span> <span class='ocrx_word' id='word_1_470' title='bbox 1714 4408 1774 4453; x_wconf 89' lang='lat' dir='ltr'>nee</span> <span class='ocrx_word' id='word_1_471' title='bbox 1797 4383 1886 4453; x_wconf 83' lang='lat' dir='ltr'>aliter</span> <span class='ocrx_word' id='word_1_472' title='bbox 1908 4382 2051 4475; x_wconf 85' lang='lat' dir='ltr'>judicare</span> <span class='ocrx_word' id='word_1_473' title='bbox 2074 4382 2193 4478; x_wconf 75' lang='lat' dir='ltr'>pollet:</span> <span class='ocrx_word' id='word_1_474' title='bbox 2217 4390 2255 4454; x_wconf 83' lang='lat' dir='ltr'>its</span> 
     </span>
     <span class='ocr_line' id='line_1_39' title="bbox 463 4472 2255 4582; baseline -0.006 -23"><span class='ocrx_word' id='word_1_475' title='bbox 463 4485 598 4559; x_wconf 80' lang='lat' dir='ltr'>serimus</span> <span class='ocrx_word' id='word_1_476' title='bbox 616 4486 687 4558; x_wconf 83' lang='lat' dir='ltr'>fieri</span> <span class='ocrx_word' id='word_1_477' title='bbox 704 4511 743 4556; x_wconf 85' lang='lat' dir='ltr'>ex</span> <span class='ocrx_word' id='word_1_478' title='bbox 756 4483 897 4582; x_wconf 78' lang='lat' dir='ltr'>quadani</span> <span class='ocrx_word' id='word_1_479' title='bbox 910 4485 1055 4575; x_wconf 85' lang='lat' dir='ltr'>corporis</span> <span class='ocrx_word' id='word_1_480' title='bbox 1070 4481 1275 4575; x_wconf 84' lang='lat' dir='ltr'>proprietate,</span> <span class='ocrx_word' id='word_1_481' title='bbox 1286 4472 1340 4547; x_wconf 88' lang='lat' dir='ltr'>sed</span> <span class='ocrx_word' id='word_1_482' title='bbox 1382 4475 1501 4547; x_wconf 86' lang='lat' dir='ltr'>Chrilli</span> <span class='ocrx_word' id='word_1_483' title='bbox 1524 4478 1565 4548; x_wconf 87' lang='lat' dir='ltr'>ad</span> <span class='ocrx_word' id='word_1_484' title='bbox 1587 4481 1688 4551; x_wconf 79' lang='lat' dir='ltr'>scelos</span> <span class='ocrx_word' id='word_1_485' title='bbox 1715 4480 1873 4552; x_wconf 67' lang='lat' dir='ltr'>adscensio</span> <span class='ocrx_word' id='word_1_486' title='bbox 1903 4506 1971 4549; x_wconf 91' lang='lat' dir='ltr'>non</span> <span class='ocrx_word' id='word_1_487' title='bbox 1996 4479 2042 4549; x_wconf 85' lang='lat' dir='ltr'>ell</span> <span class='ocrx_word' id='word_1_488' title='bbox 2065 4484 2255 4578; x_wconf 83' lang='lat' dir='ltr'>opponenda</span> 
     </span>
     <span class='ocr_line' id='line_1_40' title="bbox 370 4571 2252 4741; baseline -0.009 -82"><span class='ocrx_word' id='word_1_489' title='bbox 370 4668 372 4672; x_wconf 48' lang='grc'>,</span> <span class='ocrx_word' id='word_1_490' title='bbox 463 4583 642 4658; x_wconf 79' lang='lat' dir='ltr'>exChrissi</span> <span class='ocrx_word' id='word_1_491' title='bbox 665 4582 928 4681; x_wconf 75' lang='lat' dir='ltr'>promissione&amp;</span> <span class='ocrx_word' id='word_1_492' title='bbox 951 4583 1057 4648; x_wconf 83' lang='lat' dir='ltr'>divina</span> <span class='ocrx_word' id='word_1_493' title='bbox 1080 4575 1233 4647; x_wconf 81' lang='lat' dir='ltr'>efficacit.</span> <span class='ocrx_word' id='word_1_494' title='bbox 1282 4579 1341 4644; x_wconf 79' lang='lat' dir='ltr'>At·</span> <span class='ocrx_word' id='word_1_495' title='bbox 1380 4571 1553 4741; x_wconf 74' lang='lat' dir='ltr'>praesentiae</span> <span class='ocrx_word' id='word_1_496' title='bbox 1583 4581 1728 4674; x_wconf 89' lang='lat' dir='ltr'>corporis</span> <span class='ocrx_word' id='word_1_497' title='bbox 1755 4580 1964 4676; x_wconf 82' lang='lat' dir='ltr'>&amp;sanguinis</span> <span class='ocrx_word' id='word_1_498' title='bbox 1999 4585 2065 4670; x_wconf 84' lang='lat' dir='ltr'>ejus</span> <span class='ocrx_word' id='word_1_499' title='bbox 2089 4584 2125 4650; x_wconf 85' lang='lat' dir='ltr'>in</span> <span class='ocrx_word' id='word_1_500' title='bbox 2146 4609 2252 4658; x_wconf 64' lang='lat' dir='ltr'>cam,</span> 
     </span>
     <span class='ocr_line' id='line_1_41' title="bbox 487 4671 2253 4779; baseline -0.002 -26"><span class='ocrx_word' id='word_1_501' title='bbox 487 4701 656 4755; x_wconf 84' lang='lat' dir='ltr'>umentum</span> <span class='ocrx_word' id='word_1_502' title='bbox 671 4677 994 4779; x_wconf 82' lang='lat' dir='ltr'>igiturconcluditde</span> <span class='ocrx_word' id='word_1_503' title='bbox 1009 4674 1235 4767; x_wconf 81' lang='lat' dir='ltr'>jurenaturali,</span> <span class='ocrx_word' id='word_1_504' title='bbox 1249 4671 1339 4770; x_wconf 92' lang='lat' dir='ltr'>quod</span> <span class='ocrx_word' id='word_1_505' title='bbox 1392 4678 1454 4745; x_wconf 91' lang='lat' dir='ltr'>icet</span> <span class='ocrx_word' id='word_1_506' title='bbox 1474 4680 1558 4744; x_wconf 88' lang='lat' dir='ltr'>ratio</span> <span class='ocrx_word' id='word_1_507' title='bbox 1579 4678 1687 4746; x_wconf 88' lang='lat' dir='ltr'>noslra</span> <span class='ocrx_word' id='word_1_508' title='bbox 1713 4680 1825 4750; x_wconf 85' lang='lat' dir='ltr'>itidem</span> <span class='ocrx_word' id='word_1_509' title='bbox 1849 4682 1917 4748; x_wconf 81' lang='lat' dir='ltr'>haec</span> <span class='ocrx_word' id='word_1_510' title='bbox 1935 4675 2002 4747; x_wconf 69' lang='lat' dir='ltr'>dus</span> <span class='ocrx_word' id='word_1_511' title='bbox 2026 4679 2179 4775; x_wconf 76' lang='lat' dir='ltr'>opposita</span> <span class='ocrx_word' id='word_1_512' title='bbox 2198 4672 2253 4752; x_wconf 85' lang='lat' dir='ltr'>esse</span> 
     </span>
     <span class='ocr_line' id='line_1_42' title="bbox 461 4705 2250 4879; baseline -0.009 -23"><span class='ocrx_word' id='word_1_513' title='bbox 461 4705 585 4855; x_wconf 65' lang='lat' dir='ltr'>scilieet</span> <span class='ocrx_word' id='word_1_514' title='bbox 600 4783 634 4855; x_wconf 87' lang='lat' dir='ltr'>vi</span> <span class='ocrx_word' id='word_1_515' title='bbox 649 4779 753 4879; x_wconf 78' lang='lat' dir='ltr'>eliqua</span> <span class='ocrx_word' id='word_1_516' title='bbox 768 4802 888 4850; x_wconf 73' lang='lat' dir='ltr'>nature</span> <span class='ocrx_word' id='word_1_517' title='bbox 903 4802 970 4848; x_wconf 91' lang='lat' dir='ltr'>non</span> <span class='ocrx_word' id='word_1_518' title='bbox 991 4773 1087 4873; x_wconf 82' lang='lat' dir='ltr'>pollrt</span> <span class='ocrx_word' id='word_1_519' title='bbox 1103 4799 1205 4844; x_wconf 87' lang='lat' dir='ltr'>unum</span> <span class='ocrx_word' id='word_1_520' title='bbox 1222 4797 1340 4870; x_wconf 87' lang='lat' dir='ltr'>corpus</span> <span class='ocrx_word' id='word_1_521' title='bbox 1379 4775 1529 4866; x_wconf 85' lang='lat' dir='ltr'>judicet,</span> <span class='ocrx_word' id='word_1_522' title='bbox 1554 4801 1614 4845; x_wconf 87' lang='lat' dir='ltr'>nec</span> <span class='ocrx_word' id='word_1_523' title='bbox 1643 4777 1736 4847; x_wconf 84' lang='lat' dir='ltr'>aliter</span> <span class='ocrx_word' id='word_1_524' title='bbox 1764 4777 1903 4868; x_wconf 85' lang='lat' dir='ltr'>judicare</span> <span class='ocrx_word' id='word_1_525' title='bbox 1944 4773 2041 4871; x_wconf 83' lang='lat' dir='ltr'>poffit</span> <span class='ocrx_word' id='word_1_526' title='bbox 2060 4832 2073 4856; x_wconf 91' lang='lat'><em>,</em></span> <span class='ocrx_word' id='word_1_527' title='bbox 2106 4784 2250 4851; x_wconf 67' lang='lat' dir='ltr'>nimirum</span> 
     </span>
     <span class='ocr_line' id='line_1_43' title="bbox 462 4871 2249 4978; baseline -0.007 -24"><span class='ocrx_word' id='word_1_528' title='bbox 462 4871 527 4954; x_wconf 78' lang='lat' dir='ltr'>effe</span> <span class='ocrx_word' id='word_1_529' title='bbox 541 4883 575 4950; x_wconf 91' lang='lat' dir='ltr'>in</span> <span class='ocrx_word' id='word_1_530' title='bbox 590 4879 732 4978; x_wconf 89' lang='lat' dir='ltr'>pluribus</span> <span class='ocrx_word' id='word_1_531' title='bbox 758 4877 857 4949; x_wconf 88' lang='lat' dir='ltr'>locis:</span> <span class='ocrx_word' id='word_1_532' title='bbox 882 4880 972 4974; x_wconf 86' lang='lat' dir='ltr'>atqui</span> <span class='ocrx_word' id='word_1_533' title='bbox 981 4874 1069 4975; x_wconf 90' lang='lat' dir='ltr'>quod</span> <span class='ocrx_word' id='word_1_534' title='bbox 1084 4898 1199 4969; x_wconf 89' lang='lat' dir='ltr'>corpus</span> <span class='ocrx_word' id='word_1_535' title='bbox 1219 4872 1338 4942; x_wconf 88' lang='lat' dir='ltr'>Christi</span> <span class='ocrx_word' id='word_1_536' title='bbox 1380 4872 1454 4969; x_wconf 85' lang='lat' dir='ltr'>quia</span> <span class='ocrx_word' id='word_1_537' title='bbox 1479 4891 1653 4971; x_wconf 86' lang='lat' dir='ltr'>utrumque</span> <span class='ocrx_word' id='word_1_538' title='bbox 1670 4875 1822 4971; x_wconf 80' lang='lat' dir='ltr'>scriptura</span> <span class='ocrx_word' id='word_1_539' title='bbox 1842 4871 1980 4952; x_wconf 71' lang='lat' dir='ltr'>adserits</span> <span class='ocrx_word' id='word_1_540' title='bbox 2007 4877 2084 4947; x_wconf 84' lang='lat' dir='ltr'>Deo</span> <span class='ocrx_word' id='word_1_541' title='bbox 2105 4880 2249 4974; x_wconf 78' lang='lat' dir='ltr'>igitur&amp;</span> 
     </span>
     <span class='ocr_line' id='line_1_44' title="bbox 461 4968 2248 5076; baseline -0.007 -26"><span class='ocrx_word' id='word_1_542' title='bbox 461 4978 497 5050; x_wconf 80' lang='lat' dir='ltr'>lu</span> <span class='ocrx_word' id='word_1_543' title='bbox 509 5002 597 5049; x_wconf 79' lang='lat' dir='ltr'>coena</span> <span class='ocrx_word' id='word_1_544' title='bbox 612 4972 746 5076; x_wconf 81' lang='lat' dir='ltr'>praesens</span> <span class='ocrx_word' id='word_1_545' title='bbox 757 4969 860 5048; x_wconf 84' lang='lat' dir='ltr'>adesse</span> <span class='ocrx_word' id='word_1_546' title='bbox 869 4977 1056 5049; x_wconf 84' lang='lat' dir='ltr'>statuimus,</span> <span class='ocrx_word' id='word_1_547' title='bbox 1081 4977 1115 5042; x_wconf 91' lang='lat' dir='ltr'>in</span> <span class='ocrx_word' id='word_1_548' title='bbox 1130 4970 1338 5041; x_wconf 85' lang='lat' dir='ltr'>eoinfinitam</span> <span class='ocrx_word' id='word_1_549' title='bbox 1380 4968 1482 5039; x_wconf 81' lang='lat' dir='ltr'>verbe</span> <span class='ocrx_word' id='word_1_550' title='bbox 1497 4968 1593 5062; x_wconf 87' lang='lat' dir='ltr'>ipstus</span> <span class='ocrx_word' id='word_1_551' title='bbox 1613 4975 1697 5043; x_wconf 89' lang='lat' dir='ltr'>hunc</span> <span class='ocrx_word' id='word_1_552' title='bbox 1712 4975 1862 5044; x_wconf 87' lang='lat' dir='ltr'>debemus</span> <span class='ocrx_word' id='word_1_553' title='bbox 1883 4977 2065 5052; x_wconf 80' lang='lat' dir='ltr'>honorent,</span> <span class='ocrx_word' id='word_1_554' title='bbox 2094 5002 2132 5050; x_wconf 91' lang='lat' dir='ltr'>ut</span> <span class='ocrx_word' id='word_1_555' title='bbox 2151 4974 2248 5049; x_wconf 83' lang='lat' dir='ltr'>creda.</span> 
     </span>
     <span class='ocr_line' id='line_1_45' title="bbox 460 5068 2247 5178; baseline -0.005 -28"><span class='ocrx_word' id='word_1_556' title='bbox 460 5078 526 5150; x_wconf 78' lang='lat' dir='ltr'>Det</span> <span class='ocrx_word' id='word_1_557' title='bbox 540 5077 720 5178; x_wconf 84' lang='lat' dir='ltr'>potentiam</span> <span class='ocrx_word' id='word_1_558' title='bbox 739 5074 939 5171; x_wconf 81' lang='lat' dir='ltr'>agnoscimus</span> <span class='ocrx_word' id='word_1_559' title='bbox 956 5082 991 5147; x_wconf 90' lang='lat'>&amp;</span> <span class='ocrx_word' id='word_1_560' title='bbox 1004 5071 1221 5170; x_wconf 73' lang='lat' dir='ltr'>praedicamus.</span> <span class='ocrx_word' id='word_1_561' title='bbox 1256 5072 1339 5138; x_wconf 89' lang='lat' dir='ltr'>Pro·</span> <span class='ocrx_word' id='word_1_562' title='bbox 1381 5093 1451 5139; x_wconf 88' lang='lat' dir='ltr'>mus</span> <span class='ocrx_word' id='word_1_563' title='bbox 1464 5093 1658 5166; x_wconf 85' lang='lat' dir='ltr'>utrumque,</span> <span class='ocrx_word' id='word_1_564' title='bbox 1684 5068 1756 5142; x_wconf 81' lang='lat' dir='ltr'>licet</span> <span class='ocrx_word' id='word_1_565' title='bbox 1775 5071 2049 5169; x_wconf 85' lang='lat' dir='ltr'>comprehendere</span> <span class='ocrx_word' id='word_1_566' title='bbox 2063 5077 2247 5146; x_wconf 78' lang='lat' dir='ltr'>nuttamio·</span> 
     </span>
    </p>
   </div>
   <div class='ocr_carea' id='block_1_8' title="bbox 460 5164 2244 5343">
    <p class='ocr_par' dir='ltr' id='par_1_8' title="bbox 460 5164 2244 5343">
     <span class='ocr_line' id='line_1_46' title="bbox 460 5164 2244 5343; baseline -0.006 -97"><span class='ocrx_word' id='word_1_567' title='bbox 460 5172 540 5248; x_wconf 71' lang='lat' dir='ltr'>tere</span> <span class='ocrx_word' id='word_1_568' title='bbox 550 5177 701 5254; x_wconf 80' lang='lat' dir='ltr'>deberent</span> <span class='ocrx_word' id='word_1_569' title='bbox 714 5168 891 5261; x_wconf 81' lang='lat' dir='ltr'>adversarii,</span> <span class='ocrx_word' id='word_1_570' title='bbox 901 5176 1008 5247; x_wconf 89' lang='lat' dir='ltr'>Deum</span> <span class='ocrx_word' id='word_1_571' title='bbox 1019 5196 1090 5244; x_wconf 88' lang='lat' dir='ltr'>nou</span> <span class='ocrx_word' id='word_1_572' title='bbox 1103 5169 1223 5243; x_wconf 80' lang='lat' dir='ltr'>habete</span> <span class='ocrx_word' id='word_1_573' title='bbox 1237 5167 1340 5239; x_wconf 87' lang='lat' dir='ltr'>ullum</span> <span class='ocrx_word' id='word_1_574' title='bbox 1381 5192 1421 5239; x_wconf 88' lang='lat' dir='ltr'>ne</span> <span class='ocrx_word' id='word_1_575' title='bbox 1434 5165 1612 5265; x_wconf 63' lang='lat' dir='ltr'>poffitnus,</span> <span class='ocrx_word' id='word_1_576' title='bbox 1637 5169 1808 5269; x_wconf 84' lang='lat' dir='ltr'>quomodo</span> <span class='ocrx_word' id='word_1_577' title='bbox 1824 5164 2244 5343; x_wconf 55' lang='lat' dir='ltr'>hoelimulconsrstercffis·</span> 
     </span>
     <span class='ocr_line' id='line_1_47' title="bbox 2222 5290 2242 5335; baseline -0.25 1"><span class='ocrx_word' id='word_1_578' title='bbox 2222 5290 2242 5335; x_wconf 88' lang='lat' dir='ltr'>t.</span> 
     </span>
    </p>
   </div>
   <div class='ocr_carea' id='block_1_9' title="bbox 0 0 2692 6209">
    <p class='ocr_par' dir='ltr' id='par_1_9' title="bbox 0 0 2692 6209">
     <span class='ocr_line' id='line_1_48' title="bbox 0 0 2692 6209; baseline 0 8"><span class='ocrx_word' id='word_1_579' title='bbox 0 0 2692 6209; x_wconf 95' lang='lat' dir='ltr'> </span> 
     </span>
    </p>
   </div>
  </div>
 </body>
</html>
