5375 6209
1079 441 1703 528 *rurmuoo'rrne
1869 391 1871 395 ὗ
2057 472 2064 481 -
2205 390 2213 398 ’

537 632 746 762 'centiori
764 637 933 760 aetate,
967 630 1077 782 qni,
1111 623 1477 742 HERODOTI
1496 631 1790 777 cumprimis
1820 625 2110 745 audioritate
2131 641 2351 775 inducti,

539 822 735 895 morem
780 779 1011 933 genitalia
1046 781 1435 889 circumcidendi
1474 780 1537 886 ab
1559 782 1810 1037 AEgyptiis
1844 785 1907 891 ad
1935 786 2134 895 Ebraeos
2170 793 2395 939 profin-

536 930 656 1044 xide
679 936 969 1055 statuerent,
1005 927 1057 1034 in
1079 929 1212 1034 notis
1231 929 1405 1034 nostris
1430 933 1587 1037 textui
1665 928 1952 1039 erhardiano
1980 932 2232 1072 subiedlis,
2265 941 2352 1051 da·

472 1079 474 1092 ’
536 1059 767 1339 ta'odiera
788 1075 1118 1208 ostendimus,
1155 1109 1428 1225 eorumque
1449 1074 1619 1205 fimul,
1654 1079 1741 1222 qui
1765 1083 1831 1184 ita
1849 1076 2092 1213 sentiunt,
2126 1125 2348 1200 errorem

367 1297 370 1301 -
538 1269 632 1385 pro
669 1226 929 1379 igavimus.
1001 1225 1347 1332 Adiunximus,
1365 1223 1563 1480 {We
1603 1219 1773 1372 pallam
1811 1225 1927 1334 alias
1960 1230 2348 1386 observationes,

326 1467 328 1472 .
538 1379 721 1530 quibus
741 1414 822 1507 ea,
853 1409 965 1522 quae
1001 1369 1376 1481 GERHARDU
1431 1374 1593 1478 noster
1616 1375 1678 1477 de
1708 1373 1863 1481 hocce
1889 1413 2186 1525 argumento
2209 1385 2350 1493 diffoss

446 1566 450 1574 ·
539 1531 662 1660 tuit,
699 1521 902 1638 subinde
928 1518 1287 1654 emendantur,
1325 1518 1528 1631 subinde
1560 1555 1682 1634 vero
1724 1523 1920 1635 uberius
1945 1524 2241 1641 illustrantur
2262 1567 2348 1641 nt·

395 1807 398 1814 Ι
538 1714 639 1824 que
657 1671 951 1823 supplentur.

654 2029 902 2182 Expositis
922 2034 1151 2181 iiscquae
1172 2029 1234 2140 de
1263 2039 1598 2179 circurncistaae
1619 2027 1735 2141 scitu
1773 2035 2075 2183 cognitoque
2114 2035 2222 2146 sunt
2257 2077 2349 2146 ne·

461 2185 464 2190 ’
538 2179 760 2314 cessaria,
796 2182 859 2294 ad
878 2179 1089 2293 alterurn
1108 2184 1287 2312 veteris
1307 2186 1584 2306 testamenti
1616 2186 1996 2310 aeramentum,
2036 2219 2150 2328 puta
2175 2225 2348 2332 agnam

410 2361 414 2372 '
530 2334 820 2477 paschalem,
854 2325 1108 2440 transitum
1132 2314 1252 2436 facit
1275 2328 1693 2440 GERHARDUS
1703 2332 1896 2461 noster,
1924 2371 1980 2437 ac
2004 2339 2246 2480 praecipua
2272 2374 2346 2440 ca·

411 2507 450 2576 .·
539 2486 668 2628 pita,
705 2517 814 2625 quae
850 2478 912 2588 ad
949 2476 1227 2587 dodlrinam
1267 2480 1449 2583 hancce
1488 2474 1737 2619 spedlant,
1775 2480 1938 2622 paucis
1980 2480 2347 2625 cornpledlitur.

452 2735 457 2740 .
538 2628 795 2773 Copiofius
822 2661 944 2733 vero
970 2622 1249 2731 universam
1273 2623 1335 2730 de
1369 2622 1589 2767 paschate
1628 2627 1908 2729 dodrinam
1947 2630 2206 2734 recentiori
2238 2651 2369 2735 aevo¹

359 2775 362 2780 ’
540 2774 779 2890 enodavit
810 2774 960 2897 ΒΑΜ.
982 2769 1386 2882 BOCHARTUS
1423 2774 1473 2876 in
1512 2770 1901 2917 praestantillimo
1936 2773 2066 2880 libro
2102 2780 2351 2888 hierozoici

538 2918 635 3056 sui,
672 2955 886 3063 cumque
915 2919 1146 3027 liberiste
1184 2922 1234 3023 in
1261 2954 1528 3064 paucorum
1564 2916 1888 3048 mauibusdt,
1928 2960 1987 3024 ex
2028 2925 2238 3048 eodem,
2276 2927 2347 3028 uti

541 3063 607 3176 &x
624 3105 685 3175 ex
716 3063 1569 3195 LIGHTFOOT1,DORSCHE1,
1597 3068 1637 3171 F
1637 3066 2058 3175 RlSCHMUTHI
2071 3060 2083 3184 ,’
2106 3070 2348 3176 EDZAR·

313 3303 317 3316 .
537 3212 651 3342 DI,
685 3215 938 3323 SEBAST.
974 3211 1304 3345 SCHMIDII,
1343 3213 1592 3340 WITSII,
1629 3216 1894 3320 CLERlCl
1910 3294 1921 3332 ‚
1959 3217 2266 3324 SNABELII
2302 3256 2350 3320 a·
2386 3257 2389 3262 ·

369 3373 378 3382 ’
433 3439 436 3448 -
516 3359 821 3508 „liorumque
850 3359 1035 3507 scriptis
1062 3358 1320 3490 nonnulla,
1359 3398 1467 3504 quae
1492 3361 1553 3463 ad
1578 3360 1857 3465 uberiorem
1898 3363 2036 3471 huius
2067 3402 2117 3468 ar
2157 3369 2349 3470 umenti
2384 3455 2387 3459 .

483 3517 486 3522 ’
537 3505 899 3660 ‘expositionem
942 3510 1223 3652 pertinent,
1270 3505 1699 3616 GERHARDUM
1738 3510 1960 3616 nostrum
1998 3404 2351 3658 supplivimun

521 3659 806 3803 ¹speciatim
822 3686 873 3797 p.
902 3659 988 3800 36.
1000 3658 1136 3795 seqq.
1152 3651 1421 3766 luculenter
1445 3655 1782 3800 ostendimus,
1807 3695 1905 3762 non
1928 3696 2102 3764 omnes
2126 3661 2350 3765 caerimo-

350 3911 354 3916 .
405 3831 407 3836 ’
540 3810 645 3918 nias
671 3808 722 3909 in
756 3810 919 3950 primo
950 3800 1170 3949 paschate
1198 3841 1225 3908 a
1253 3795 1366 3906 Deo
1399 3797 1731 3949 praescriptas,
1769 3795 1905 3914 fuiffe
1948 3842 2229 3950 perpetuas,
2267 3801 2350 3914 sed

346 4045 353 4058 ,
539 3949 830 4078 nonnullae,
867 3987 928 4055 ex
960 3953 1229 4057 intentione
1249 3946 1454 4074 divina,
1492 3950 1543 4053 in
1564 3953 1790 4097 AEgypto
1820 3952 2057 4058 duntaxat
2089 3950 2349 4101 usurpatas,

539 4095 861 4214 Dideruimus
881 4135 1079 4244 quoque
1103 4126 1153 4236 p.
1178 4131 1268 4244 40.
1280 4097 1417 4236 seqq.
1448 4091 1511 4218 de
1545 4092 1853 4203 vexarillrma
1885 4099 2247 4210 controversia:
2284 4137 2349 4210 aa
2393 4145 2395 4152 ·

543 4254 759 4392 Christus
784 4251 997 4357 ultimam
1020 4281 1193 4354 coeaara
1206 4245 1469 4384 paschalem
1484 4247 1634 4352 eadem
1652 4279 1755 4354 cam
1772 4249 1972 4386 Judaeir
1987 4255 2062 4356 die
2093 4252 2347 4359 celebrave-
2389 4304 2391 4308 ·

542 4406 652 4508 rit?
670 4395 938 4542 pallimque
953 4390 1216 4538 peculiares
1228 4387 1648 4499 IO.SPENCERI
1659 4395 1719 4498 de
1740 4390 1960 4540 paschate
1972 4392 2227 4500 sententias
2247 4433 2349 4501 non

390 4577 393 4581 ·
542 4577 736 4653 tantum
758 4541 1112 4672 enarravimus,
1150 4535 1232 4646 sed
1252 4542 1311 4645 dc
1331 4535 1529 4645 easdem
1554 4534 1758 4646 subinde
1780 4532 2158 4651 confutavimun
2192 4543 2345 4647 Cum·

546 4692 718 4838 primis
745 4719 799 4834 p.
818 4714 912 4837 49.
925 4692 1064 4831 seqq.
1100 4685 1433 4833 quaestionem*
1458 4684 1511 4790 in·
1557 4681 1912 4835 theologorum
1947 4688 2120 4796 scholis
2156 4688 2349 4795 dudum
2378 4721 2380 4726 ·

542 4845 646 4976 iarn
665 4841 926 4986 agitatam:
962 4873 1026 4946 aa
1038 4838 1216 4975 pascha
1230 4833 1557 4976 Israelitaram
1570 4842 1677 4943 veri
1702 4842 1905 4970 nominis
1926 4839 2096 4981 fuerit
2114 4837 2351 4976 sacrifici.

540 4999 659 5103 aaa?
691 4990 885 5137 copiose
913 4984 1347 5134 pertradlavimus,
1381 4981 1782 5132 ostendimusque
1803 4983 2103 5136 incidenter,
2121 4980 2157 5089 st
2180 4985 2353 5237 dehpa.

1604 5190 1606 5194 ·
2208 5163 2352 5239 cate
