5375 6209
1004 561 1074 640 or
1104 561 1413 638 iniunctis
1444 523 1717 642 antristis
2169 569 2242 662 ιω·

443 750 525 822 titius
549 742 622 822 libr.
638 748 679 818 11.
699 748 733 819 in
757 741 912 845 persecut.
928 742 1118 825 vandalica.
1154 746 1314 837 Quamvis
1360 751 1475 845 Longe
1489 745 1580 816 aliud
1594 748 1628 816 ia
1642 743 1748 841 nostro
1759 742 1885 816 conciso
1899 744 2043 816 omisistis
2058 741 2162 836 tristam
2178 741 2245 830 alh

441 867 542 920 intem
567 848 707 945 respedlu
730 847 1041 920 catechumenorum
1065 872 1102 919 cx
1124 844 1315 917 etlinieisino
1361 852 1396 919 irs
1415 848 1471 920 lior
1496 848 1605 922 caim,
1631 850 1715 944 quod
1740 858 1778 916 tta
1794 847 1938 938 putabar
1953 841 2009 940 affe
2031 843 2242 937 finiendum,

438 949 473 1020 ad
491 944 663 1017 Chriilum
680 943 909 1017 conversorum
931 941 1113 1018 observatio
1128 943 1209 1018 illitis
1232 962 1315 1019 tem·
1361 972 1453 1020 namo
1466 942 1617 1038 consentit
1630 993 1644 1035 ,
1656 944 1718 1040 sed
1737 945 1877 1038 aaiucrfi
1887 949 1999 1039 potiar
2007 944 2242 1042 jiidi'raviimss,

480 1050 524 1118 tis'
539 1070 611 1115 non
627 1043 910 1144 sitimprobandd:
939 1062 1048 1118 tamen
1069 1042 1111 1116 ad
1132 1061 1260 1141 tempus
1282 1038 1316 1111 il·
1363 1047 1441 1120 arilli
1461 1045 1625 1116 sentinam
1648 1057 1725 1120 arto
1752 1042 1995 1139 misericordiam
2012 1044 2077 1113 Dei
2095 1037 2142 1115 si*
2158 1065 2252 1138 gra-

446 1143 489 1218 ud
500 1136 682 1241 baptismus
697 1168 812 1215 eoruui
828 1169 896 1216 non
910 1144 955 1216 esl
973 1144 1103 1240 praecise
1117 1141 1318 1240 adilringen·
1362 1151 1444 1218 tiam
1458 1142 1514 1242 affe
1529 1149 1751 1243 denegandam
1766 1142 1838 1222 &a
1864 1143 1984 1214 Eadem
2003 1165 2074 1212 vete
2089 1139 2187 1212 verba
2203 1161 2243 1213 ex

400 1295 403 1302 -
434 1247 516 1322 diis,
539 1267 605 1315 nec
625 1238 787 1314 iiisantuin
807 1241 1046 1340 expetentibus
1065 1241 1243 1315 christianis
1262 1266 1317 1313 na·
1363 1247 1530 1343 Cypriane
1548 1247 1661 1342 repetit
1677 1240 1874 1343 'Augustinus
1895 1241 1982 1340 epist.
2002 1238 2123 1320 XXII.
2172 1237 2244 1312 Nec

435 1363 546 1426 tntum
574 1337 750 1441 baptismus
765 1340 806 1411 ad
825 1340 903 1414 illud
920 1345 996 1413 antii
1015 1358 1142 1441 tempus
1161 1335 1317 1414 differeti-
1364 1343 1448 1418 valet
1465 1362 1701 1440 argumentum
1711 1343 1779 1416 ridi
1792 1366 1831 1413 eit
1849 1336 2091 1414 circumcisione
2103 1335 2243 1413 dudum

434 1445 518 1523 dus,
545 1437 602 1514 sed
628 1440 736 1511 Ilatim
759 1465 778 1511 a
799 1445 964 1513 nativitate
987 1439 1062 1537 ipsis
1082 1438 1318 1532 conserendus,
1362 1437 1870 1542 propterdisparitatisrationem.
1886 1442 1973 1532 t.)1n
2375 1513 2379 1526 ,

458 1543 556 1618 uodi
585 1535 663 1616 suni
695 1543 730 1610 iis
747 1540 1004 1613 veterumdidiis
1023 1546 1057 1615 ἀ
1072 1539 1224 1639 exemplis
1238 1566 1317 1613 cori·
1363 1542 1561 1613 institutione
1573 1540 1826 1615 circumcisionis
1843 1531 1969 1636 expres·
2020 1556 2142 1640 opressa
2157 1580 2174 1620 a
2189 1563 2248 1621 ‘rra
2307 1593 2312 1602 .

436 1571 563 1716 srmnri
582 1567 698 1737 potes.
738 1635 1318 1734 chrysostomushofnil.1.inacta.
1364 1637 1396 1713 sa
1416 1640 1453 1713 fii
1472 1640 1673 1712 dieiodiavac
1690 1642 1837 1727 mentiti,
1858 1635 1974 1711 sedta·
2049 1639 2242 1737 ‘amiſsam-

444 1741 612 1839 Numquis·
633 1740 773 1834 amplius
789 1740 891 1812 -iiabat
916 1742 997 1813 titur
1020 1752 1145 1837 tempas
1162 1737 1180 1809 ‚⁹
1196 1729 1225 1834 '(
1239 1764 1317 1839 qua·
1364 1740 1394 1814 le
1406 1740 1486 1837 quid
1500 1744 1533 1812 iii
1545 1737 1694 1837 baptismi
1707 1737 1905 1814 institutione
1917 1738 1973 1812 dc·
2079 1737 2180 1804 ΡΜ·

443 1838 656 1941 drigefimac)
681 1839 739 1938 ipſs
751 1838 882 1933 spissioli
905 1865 969 1911 aon
991 1842 1024 1912 iri
1038 1841 1190 1936 passima
1207 1841 1320 1910 donati
1366 1838 1541 1914 monilrari
1555 1844 1676 1937 nequit.
1730 1838 1789 1928 a.)
1813 1840 1850 1909 lii
1863 1836 1969 1937 bapti·

446 1943 518 2039 Jnt
534 1941 670 2040 gratia,
689 1938 750 2034 sed
768 1941 831 2008 alio
845 1952 997 2034 tempora.
1046 1944 1228 2013 Praeterea
1250 1961 1319 2010 eam
1367 1939 1437 2011 snio
1459 1932 1556 2012 cessat
1579 1943 1683 2021 ratio,
1709 1962 1845 2037 propter
1873 1964 1972 2038 quam
2008 1932 2245 2010 administratio

461 2045 690 2134 baptizarentur
704 2041 770 2109 tria
785 2040 881 2110 millia
899 2039 947 2115 sy
956 2043 1095 2137 quiaque
1114 2039 1235 2120 miliia,
1254 2063 1321 2110 aori
1367 2036 1621 2114 circumcisionis
1634 2046 1667 2112 iii
1683 2040 1771 2113 diem
1788 2041 1944 2111 odarum
1960 2037 2056 2111 dilata
2072 2031 2146 2110 suit.
2164 2033 2245 2106 ideo
2321 2100 2325 2108 .

471 2139 663 2234 'apsiliae
686 2150 819 2235 tempus.
847 2138 930 2213 Vide
952 2141 1150 2239 Cypriauuni
1174 2142 1207 2212 in
1228 2135 1319 2239 epist.
1367 2142 1454 2211 enim
1469 2138 1511 2210 ad
1527 2138 1679 2212 odiorum
1699 2144 1793 2211 atatis
1816 2139 1907 2209 diem
1929 2133 2134 2210 circumcisio
2150 2131 2246 2208 dille·
2330 2211 2333 2216 ,

465 2233 629 2314 dftlutir.
1367 2238 1518 2315 rebatur,
1547 2255 1581 2308 ut
1604 2238 1739 2313 inianter
1759 2236 1901 2317 colledlis
1922 2242 2008 2336 ptius
2035 2236 2155 2307 viribus
2183 2237 2246 2304 cir·

1367 2334 1574 2410 cumcisionie
1601 2337 1731 2412 doloret
1760 2334 1909 2409 sustinere
1934 2336 2101 2412 valerent,
2137 2329 2190 2406 sed
2210 2335 2245 2404 iti
2363 2382 2366 2386 -

765 2434 1321 2537 §.CCXLV11.11.)cumba-
1366 2432 1529 2534 baptismo
1545 2436 1667 2510 nullum
1682 2436 1840 2530 eiusiuodi
1854 2437 2042 2533 periculum.
2098 2437 2246 2526 3.)Ty-
2317 2453 2320 2458 ⁴

395 2585 397 2590 -
442 2533 645 2600 Pmrlibe·
714 2541 845 2634 ptilnius
874 2534 1132 2608 sitordinarium
1154 2561 1322 2638 regenera·
1366 2540 1437 2634 pica
1460 2541 1558 2608 ctiam
1581 2530 1731 2608 fuit'diei
1758 2538 1879 2608 odiaiae
1901 2535 2116 2633 fignificatio,
2142 2556 2245 2632 quam
2387 2566 2390 2573 ·

437 2615 663 2714 ”fsfflm'
713 2631 1322 2722 rionismediuimloblll.5.&san·
1367 2636 1568 2733 exposuimus
1587 2631 1645 2706 suo
1669 2636 1764 2723 ioco;
1791 2631 1844 2706 sed
1860 2639 1893 2705 in
1908 2660 1983 2707 nov.
2004 2636 2073 2707 test.
2095 2640 2164 2732 typi
2181 2626 2246 2702 ces·
2330 2653 2335 2664 ’

430 2699 659 2839 ”ῗ];ἕ”ἒι’,ῗ
716 2736 806 2806 sium
839 2737 1031 2808 initiationis
1066 2736 1322 2825 sacramentum,
1367 2734 1482 2808 larunt
1532 2736 1591 2833 4.)
1618 2736 1757 2807 Levitica
1773 2730 1957 2808 discrimina
1975 2734 2127 2809 dicrum,
2153 2730 2246 2802 cibo·

449 2799 650 2939 :zedam
715 2834 838 2907 ideoin
862 2833 1138 2908 nostrisccclefiis
1157 2835 1322 2908 laudabilis
1367 2860 1440 2906 rum
1455 2842 1523 2910 dte.
1548 2842 1677 2909 innov.
1697 2834 1901 2933 telbpcriitus
1924 2828 2245 2922 suntsublata,ideo
2320 2857 2324 2865 ’

447 2956 623 3025 properem.
713 2929 857 3008 servatur
879 2928 1101 3019 consuetudo,
1126 2957 1161 3004 ut
1176 2959 1323 3031 parentes
1366 2936 1427 3006 hac
1441 2939 1474 3005 iii
1490 2956 1577 3031 parte
1589 2937 1713 3006 utimur
1728 2934 1891 3012 libertate,
1911 2959 2009 3031 quain
2024 2933 2167 3003 Clirillus
2184 2954 2247 3000 no·

511 3103 515 3108 .
643 3083 648 3092 ·
719 3030 953 3129 primoslatim
974 3032 1165 3111 velaltero,
1191 3032 1241 3108 vel
1262 3054 1323 3106 ter·
1365 3035 1412 3105 bis
1434 3038 1612 3132 promeruit
1633 3034 1703 3105 Gal
1722 3037 1763 3106 V.
1788 3059 1814 3102 i.
1868 3036 1924 3125 5.)
1950 3028 2098 3106 Successit
2111 3027 2246 3132 quidem

430 3138 485 3208 rio
508 3131 706 3204 amtiritate
722 3134 773 3204 die
786 3131 939 3231 parrulos
965 3133 1005 3203 ad
1024 3134 1215 3230 baptismum
1236 3131 1318 3206 dese·
1365 3129 1541 3230 baptismus
1556 3137 1590 3202 in
1607 3132 1857 3206 circumcisionis
1878 3127 2009 3210 locuni,
2039 3130 2115 3203 col.
2131 3133 2170 3202 ll.
2192 3152 2244 3200 11.

430 3249 514 3308 rant
536 3282 549 3321 ,
576 3228 626 3302 vel
644 3229 717 3302 ilico
749 3236 848 3303 etiam
875 3230 961 3302 nulla
989 3231 1178 3330 interposita
1206 3258 1321 3311 mora,
1367 3238 1492 3304 rarione
1510 3231 1625 3308 scilicet
1642 3229 1713 3303 usus
1730 3228 1888 3321 salutaris;
1905 3237 2037 3303 interiin
2054 3231 2253 3300 tamennon

431 3334 617 3433 postquam
639 3335 705 3399 nati
723 3324 866 3422 fuerint,
892 3333 1045 3427 baptizari
1069 3351 1205 3414 curent,
1228 3338 1324 3404 ninii.
1366 3330 1473 3431 potest
1498 3336 1530 3400 iii
1558 3334 1706 3403 omnibus
1734 3328 1875 3431 partibus
1899 3338 1933 3408 dt
1957 3328 2202 3402 circumstantiis
2226 3348 2247 3412 a

433 3429 574 3505 rum-li
595 3427 728 3529 quando
753 3451 887 3527 propter
915 3430 1135 3503 infirmitatem
1153 3458 1255 3505 metus
1279 3433 1324 3504 est
1368 3429 1616 3504 circumcisione
1644 3435 1684 3501 ad
1699 3425 1897 3529 baptismum
1911 3431 1984 3502 duci
2006 3444 2247 3528 argumentum,

436 3534 483 3605 de
502 3530 750 3628 periculositas.
801 3534 873 3626 Qui
891 3555 971 3603 vero
987 3533 1048 3603 hac
1068 3535 1102 3602 iri
1117 3550 1207 3628 parte
1223 3530 1323 3629 negli-
1368 3529 1442 3603 alias
1463 3524 1667 3628 sequeretur,
1685 3546 1811 3602 tantum
1836 3526 2016 3610 masculos,
2044 3553 2114 3602 non
2134 3541 2247 3600 autem

464 3648 557 3701 entes
575 3624 716 3708 suerint,
732 3654 770 3699 ac
783 3647 917 3725 propter
931 3630 1101 3729 adparatus
1118 3628 1324 3729 splendorem
1368 3626 1520 3702 sicininat
1537 3629 1742 3728 baptizandas
1758 3638 1825 3707 &m

488 3723 641 3827 priimum
669 3721 857 3805 differunt,
883 3730 1072 3827 gravissimis
1097 3733 1325 3805 tentationibus
2200 3753 2207 3772 ¹
2358 3811 2362 3819 ,

443 3823 546 3900 semet
561 3823 648 3926 ipsos
660 3829 881 3922 immergunt,
909 3827 1078 3926 siquando
1093 3829 1188 3902 liberi
1206 3832 1325 3934 absque
1419 3826 1459 3929 s
1493 3828 1725 3910 CCXLVIII·
1766 3831 1859 3923 ΙΙΙ.)
1886 3833 1972 3903 Cum
2051 3897 2055 3902 .
2109 3902 2119 3929 -.
2313 3903 2325 3908 -

444 3921 609 4025 baptismo
633 3923 802 3997 decedunt.
854 3924 1022 4000 Masculus
1048 3934 1081 3999 iri
1106 3929 1186 4002 locis
1211 3936 1256 4002 tit.
1281 3932 1324 4005 de
1370 3928 1451 4001 hura
1466 3935 1581 4002 mortis
1607 3927 1645 4000 sit
1664 3932 1805 4013 incerta,
1830 3959 1867 4005 ac
1890 3928 1974 4003 subi·
2024 3922 2248 4011 Bartimisusoe·

447 4022 536 4123 bapt.
551 4051 582 4123 p.
603 4040 684 4101 338.
701 4021 839 4106 scribit,
867 4055 931 4099 aori
948 4033 1085 4123 probari
1101 4056 1148 4124 po
1173 4056 1189 4100 e
1215 4056 1324 4121 acor·
1355 4048 1467 4101 *tanco
1490 4026 1682 4127 casualiquo
1697 4031 1788 4102 multi
1808 4057 1843 4104 eii
1858 4034 1917 4102 hac
1931 4034 1976 4101 vi·
2028 4017 2102 4110 [pria
2118 4029 2174 4070 ’‘⁰’‘
2189 4007 2227 4083 ’β

450 4127 534 4197 datis
546 4127 653 4201 uiris,
679 4130 763 4221 quod
778 4139 848 4198 tam
862 4131 960 4200 arixis
975 4130 1120 4224 etsupcr
1149 4130 1237 4224 itiose
1252 4158 1324 4205 rum
1371 4153 1403 4201 ta
1420 4129 1642 4226 abripiantiir,
1667 4117 1743 4202 ideo
1765 4128 1911 4230 baptismi
1928 4127 1979 4203 su·
2048 4170 2224 4255 fimmupqm

452 4223 627 4320 infantibus
640 4225 703 4312 ¹triir
714 4228 790 4323 jam
814 4233 901 4299 natis
918 4233 961 4298 ad
982 4229 1173 4328 baptistarum
1191 4254 1324 4327 quomo.
1369 4225 1493 4326 sceptio
1520 4229 1655 4303 nonest
1687 4227 1730 4301 ad
1754 4230 1854 4320 finem
1880 4231 1980 4328 iisque
2088 4259 2165 4317 vna.

455 4327 612 4424 dataeque
628 4327 1074 4423 percipiendumfestinetar;
1100 4326 1152 4398 scd
1173 4332 1324 4424 procedit
1370 4336 1442 4400 vita
1474 4324 1664 4401 differenda.
1719 4333 1827 4430 Quin
1854 4335 1977 4417 timum
2013 4393 2017 4398 .

455 4420 567 4497 hocca
581 4420 662 4496 falsa
681 4423 855 4521 hypothesi
880 4430 921 4497 de
943 4422 1088 4498 absoluto
1108 4425 1265 4511 decreto,
1288 4438 1324 4506 ὅ(
1369 4429 1470 4524 aliqui
1485 4431 1527 4499 ad
1543 4427 1644 4499 fidem
1676 4429 1880 4516 chriiiianam
1904 4432 1994 4512 olini'
2021 4426 2153 4501 suerunt
2172 4421 2265 4520 coa&

457 4513 615 4595 braina
631 4520 794 4594 infantum
812 4551 851 4594 ex
866 4524 1010 4597 fidelibus
1034 4545 1195 4599 natorum.
1235 4533 1323 4601 Cum
1371 4524 1470 4609 versi,
1496 4553 1534 4599 ac
1553 4530 1683 4600 Christo
1697 4523 1816 4602 dedere
1839 4525 1981 4611 nometi,
1994 4547 1997 4552 ·
2009 4524 2159 4623 baptizati
2176 4503 2265 4602 sunl.

395 4667 396 4672 κ
457 4607 534 4698 oliui
544 4620 641 4694 lidus
663 4623 814 4693 Nuinidae
834 4620 1002 4721 episcopus
1021 4620 1173 4715 censeret,
1185 4624 1325 4702 infantes
1372 4625 1415 4699 ab
1435 4625 1607 4726 apostolis,
1633 4623 2045 4729 uthilloriarimcapll·
2063 4650 2121 4722 4¹.
2146 4619 2257 4702 Vlll·¹

395 4771 398 4784 .
454 4717 1342 4819 infraodlavumdiemadiinitationeincircumcisio·¹
1378 4750 1443 4805 ¹2,
1472 4749 1535 4805 ¹3,
1565 4736 1623 4802 3⁶·
1656 4728 1718 4806 IX·
1745 4753 1795 4807 19·
1828 4732 1877 4807 X·
1903 4755 1960 4816 47·
1984 4726 2082 4807 XVI·
2110 4746 2166 4805 15·
2191 4738 2252 4796 33.

395 4867 398 4874 -
454 4822 578 4894 uirnon
594 4838 752 4918 oportere
765 4822 940 4919 baptizari,
967 4843 1147 4894 convocat-a
1170 4827 1216 4897 est
1232 4827 1324 4920 syrio·
1371 4825 1508 4907 XVIII.
1529 4844 1560 4899 8.
1579 4825 1744 4900 evidenter
1771 4831 1919 4918 testatum
1947 4827 2093 4928 nuspiam
2117 4846 2196 4894 vero
2216 4841 2254 4887 ii·

451 4915 505 4993 dui
522 4929 584 4991 66.
599 4912 830 5017 episcoporum
847 4918 901 4992 sub
914 4926 1106 5018 Cypriano,
1133 4927 1167 4995 in
1186 4952 1248 5025 qua
1265 4925 1325 4999 sla·
1373 4927 1491 5023 postoli
1507 4923 1663 5023 leguntur
1682 4931 1828 5002 audiores
1845 4924 1895 5000 vel
1911 4924 2051 5002 suasores
2074 4915 2196 4997 fuisse,
2217 4931 2255 4986 ut

450 5035 554 5093 tutum
579 5014 664 5099 fuit,
690 5038 752 5095 ut,
779 5043 846 5090 nori
871 5017 1055 5118 exspediato
1079 5022 1136 5093 illo
1159 5044 1323 5125 tempore,
1373 5024 1472 5128 usque
1485 5026 1610 5098 advitae
1623 5023 2133 5127 exiturabaptismusdifferretur.
2150 5011 2255 5106 Qiod
2322 5023 2330 5038 '

447 5114 622 5222 baptismus
639 5121 737 5190 ctiam
753 5120 855 5190 inodo
871 5124 951 5192 natis
969 5116 1181 5198 conferretur.
1233 5132 1279 5198 ita
1295 5152 1326 5199 e·
1374 5151 1454 5226 ergo
1474 5115 1773 5200 adcunstaiionem
1796 5130 1955 5202 veteribus
1970 5132 2005 5199 in
2023 5122 2187 5223 primitiva
2203 5137 2257 5186 οῦ·

445 5227 516 5298 nini
544 5214 658 5295 scribit
684 5218 863 5315 Cyprianus
890 5222 980 5318 epist.
1005 5220 1103 5302 LIX.
1125 5228 1165 5297 ad
1188 5226 1325 5301 Fidum:
1372 5225 1462 5300 clesia
1477 5225 1624 5396 usitatpn
1638 5230 1772 5309 attinet,
1797 5220 1984 5324 sciendum,
2001 5211 2258 5316 uoucxettipllssa

1421 5321 1550 5424 00⁶2
1610 5349 1741 5435 re.
2189 5335 2192 5344 '
2265 5345 2268 5354 ·

2023 4090 2176 4172 inserenda
2192 4087 2232 4147 ad
2278 4119 2285 4132 ·
2389 4108 2393 4116 ·
