5375 6209
462 533 514 642 ia
986 527 1015 600 .'
1103 497 1258 612 ¹noct
1292 499 1701 620 xxtu'cnrjvttt
1793 597 1796 604 ,

463 705 555 792 mlta
572 720 692 805 mentio
697 714 766 811 fit,
791 741 864 790 cum
877 719 916 788 de
933 705 1025 789 celim
1041 718 1243 817 eucharistico
1267 744 1289 791 a
1314 720 1339 792 i·
1386 721 1496 795 bruhae
1517 730 1629 818 &ejus
1654 722 1807 795 militibus
1826 719 1952 793 obtulit.
2002 721 2064 811 V.)
2087 715 2240 821 Quies

464 831 545 899 tur,
569 822 632 911 (ut
653 817 718 889 hoc
741 816 815 888 loco
835 814 1043 888 Bellarminus
1064 813 1202 909 scribit)
1229 743 1340 891 corse-
1386 826 1551 893 mirtionie
1569 817 1756 904 necessitas,
1780 818 1884 891 adbuc
1902 819 1989 916 upud
2012 814 2100 914 ipsos
2127 816 2240 916 pontis

465 941 568 1015 quens
587 911 708 994 suerit,
731 908 927 987 essentialem
943 912 1082 1012 aliquam
1101 942 1199 990 corne
1236 936 1340 992 artem
1380 923 1452 992 cios
1467 924 1627 992 incertum
1645 920 1700 992 cll.
1727 917 1935 993 Bellunninus
1955 914 2009 991 lib.
2026 919 2087 994 lV.
2106 916 2240 990 de'eud

464 1018 501 1088 in
514 1009 728 1114 descriptione
740 1009 1004 1112 evangelistarum
1012 1011 1163 1088 omilium
1174 1018 1196 1089 e'
1217 1042 1244 1088 e.
1258 1017 1340 1088 Cor·
1385 1045 1414 1092 c.
1438 1042 1488 1087 ro.
1506 1033 1535 1107 ς.
1555 1042 1673 1116 porro:
1705 1015 2002 1117 [dramstneaqua
2012 1014 2240 1110 stanneam

466 1112 569 1186 eelim
576 1110 736 1200 lunsenius
744 1136 866 1200 comm.
880 1113 915 1183 in
926 1111 1081 1212 concord.
1092 1140 1203 1215 evung.
1216 1142 1243 1186 c.
1261 1136 1338 1214 ιιι.
1384 1116 1547 1215 confistere
1556 1118 1667 1212 paffit,
1690 1144 1756 1190 non
1776 1118 1819 1214 est
1841 1129 1989 1186 certam:
2014 1118 2240 1188 conamen

464 1219 499 1312 p.
522 1221 601 1308 996.
633 1206 867 1310 l'inumjuiffe
888 1214 922 1282 in
940 1212 1049 1300 cette,
1073 1221 1164 1310 'quem
1176 1216 1246 1305 suis
1265 1214 1339 1286 Do·
1383 1243 1456 1289 men
1479 1219 1586 1311 opinio
1608 1221 1642 1287 in
1659 1240 1788 1312 partem
1806 1214 2049 1309 adfirmativum
2066 1217 2240 1311 propendet

460 1309 571 1384 minus
589 1315 624 1384 in
642 1334 728 1383 crena
740 1312 913 1405 porrexit.
937 1310 1068 1401 ostendit
1086 1316 1277 1411 Cyprianus
1294 1316 1340 1384 ad
1370 1321 1484 1412 >Atqui
1510 1316 1607 1401 Julius
1631 1311 1776 1410 pontifex
1809 1309 1948 1410 expresse
1977 1311 2058 1383 dicit
2087 1336 2127 1384 cu
2150 1365 2160 1382 .
2183 1335 2240 1386 cun

465 1409 639 1486 Caecilium
650 1410 794 1505 scribent
809 1434 849 1481 ex
863 1435 918 1490 eo,
945 1416 1030 1507 quod
1045 1411 1339 1511 euangelistaesub·
1385 1439 1497 1486 omne.
1508 1412 1580 1487 dist.
1599 1439 1630 1482 a.
1648 1416 1689 1486 de
1703 1411 1842 1485 consecr.
1871 1413 1951 1483 Non
1960 1409 2063 1508 potest
2087 1436 2106 1482 c
2127 1412 2179 1484 lim
2190 1411 2240 1484 Dt

414 1559 418 1568 ,
458 1512 582 1607 jidunt
606 1508 728 1584 dissum
746 1533 769 1580 a
789 1509 962 1581 Domino:
993 1512 1075 1582 Nare
1099 1513 1339 1584 bibamamodo
1384 1515 1463 1584 mini
1478 1510 1535 1610 effie
1555 1537 1642 1609 aqua
1655 1514 1750 1609 fitia,
1772 1527 1831 1584 aut
1853 1510 2115 1605 triumfalem,
2138 1511 2240 1681 αἷς·

355 1617 366 1638 ·’
466 1613 506 1682 dc
515 1608 573 1681 boc
581 1612 743 1710 genimine
751 1611 840 1681 vitis.
862 1610 945 1679 Fuit
960 1633 1039 1708 ergo
1079 1614 1203 1682 enimera
1216 1612 1339 1683 uitirin
1383 1625 1531 1710 iramque
1549 1611 1749 1707 miseratum
1781 1613 1834 1682 ubi
1861 1634 1929 1679 non
1951 1602 2060 1680 solunt
2078 1635 2160 1706 nece
2198 1625 2240 1680 tut

464 1710 580 1787 culice,
594 1727 686 1807 quem
700 1706 996 1803 Dominusacccpit
1064 1710 1139 1805 fleis
1154 1714 1251 1781 dedit.
1276 1708 1318 1781 V
1313 1712 1340 1779 i·
1379 1715 1567 1806 praecepti,
1581 1708 1633 1781 sed
1648 1716 1742 1781 etiam
1758 1706 1941 1785 necessitate
1944 1705 2239 1801 stemmatibus

466 1832 550 1883 num
564 1803 778 1904 autemsaiffie
790 1811 929 1877 mixtum
950 1832 1062 1904 aqua,
1087 1834 1154 1880 non
1167 1811 1289 1906 probat
1304 1830 1341 1878 a·
1385 1813 1575 1881 mixtionem
1613 1808 1717 1879 slutuit
1743 1801 1964 1879 neceffariam.
2016 1807 2145 1879 Contra
2183 1831 2240 1879 vett

322 1916 324 1920 '
461 1910 571 2005 pertis
589 1908 744 2003 aliquibus
763 1907 918 2004 euangelii
932 1910 1341 2003 veriit,utneeillitpro-
1385 1905 1589 1979 Lontberdus
1604 1906 1659 1978 lib.
1676 1908 1732 1976 lV.
1751 1904 1906 1977 senndili.
1928 1928 1980 1977 ιι.
1994 1904 2041 1976 lit.
2057 1907 2105 1976 H.
2140 1907 2177 1977 S
2191 1908 2240 2003 qui

301 2033 303 2040 ·
436 2009 438 2014 ’
469 2010 542 2080 bari
565 2004 692 2102 potest,
709 2003 772 2101 sed
788 2005 1025 2102 intelligendum
1045 2009 1197 2104 relinquit
1221 2030 1341 2086 exeo,
1384 2031 1449 2078 non
1473 2010 1639 2077 intendens
1655 2009 1853 2075 introducere
1876 2004 2017 2117 tuapte
2040 2006 2240 2076 obliuionem

372 2177 374 2182 ,
468 2103 764 2207 quodccrtcemest,
785 2102 1030 2202 incaliccsatffe
1049 2108 1183 2186 vinum,
1207 2107 1341 2202 eoquod
1381 2109 1572 2204 ignorantia
1598 2130 1717 2200 uquam
1732 2101 2016 2199 praetermfirtt,
2042 2127 2112 2175 non
2129 2106 2240 2174 videtu

459 2210 586 2281 'wem
598 2208 633 2275 in
649 2203 711 2273 illis
723 2203 833 2273 calidis
850 2204 1032 2300 regionibus
1047 2230 1113 2276 aaa
1120 2204 1257 2300 fielitum
1261 2203 1341 2300 suc·
1384 2207 1517 2275 irritam
1537 2201 1593 2301 effe
1610 2204 1876 2300 firmamentum,
1891 2200 1953 2296 sed
1972 2202 2021 2272 ille
2042 2205 2240 2300 grauitern

468 2308 517 2378 eit
532 2306 613 2393 bibi,
637 2301 698 2394 nist
712 2295 838 2394 mnium
852 2325 950 2395 aqua.
1000 2305 1081 2374 Haec
1094 2298 1275 2388 jansenius,
1294 2303 1341 2372 ri·
1384 2308 1617 2398 corripiendas.
1667 2308 1705 2372 Et
1719 2297 1879 2387 jansenius
1899 2300 1922 2372 l.
1939 2300 1973 2371 d.
1989 2325 2019 2396 p.
2036 2321 2122 2386 90¹7.
2158 2302 2240 2373 &ccl

422 2435 440 2474 x
467 2403 550 2478 n'tttn
566 2405 601 2471 in
615 2398 713 2474 calice
726 2424 765 2488 eut
778 2383 883 2471 v'erbis
894 2400 1013 2473 Christi
1032 2403 1162 2498 probari
1178 2396 1268 2499 polle
1282 2399 1340 2471 ed-
1384 2427 1425 2474 er
1441 2428 1501 2479 eo,
1528 2408 1611 2497 quod
1626 2400 1832 2499 evangelistae
1848 2398 1986 2493 alrfttlute
2000 2401 2138 2478 dieunt,
2164 2400 2240 2474 (bri

466 2498 594 2580 serens,
619 2500 927 2572 mixtionemuutem
948 2525 1038 2599 uquae
1058 2526 1098 2571 ex
1117 2500 1221 2574 uerbis
1241 2523 1341 2572 etun-
1374 2501 1465 2597 stam
1479 2497 1625 2596 aecepiffe
1645 2524 1783 2591 panem,
1806 2501 1967 2587 creditur,
1991 2502 2135 2593 quemuis
2169 2524 2240 2572 anet

466 2599 548 2702 gelii
562 2598 693 2697 probari
753 2594 794 2668 lsc
814 2621 947 2696 negans.
995 2599 1204 2690 lll.)bliutio
1225 2598 1276 2669 illa
1294 2598 1341 2667 ni-
1379 2604 1515 2695 proprie
1530 2602 1645 2670 diiiam
1671 2594 1759 2693 poffe
1786 2593 1842 2692 effe
1866 2599 2039 2668 materiam
2063 2525 2240 2694 densescunt

468 2703 549 2772 titur
569 2692 635 2770 solu
649 2714 696 2766 tre
721 2699 867 2768 itione&
887 2696 1124 2769 consuetudine.
1171 2699 1242 2782 Jctn
1262 2718 1343 2766 vero
1386 2701 1528 2791 corporis
1549 2699 1716 2774 dominici,
1740 2719 1796 2766 nee
1820 2692 1876 2791 effe
1897 2693 2036 2788 altsttlttte
2058 2693 2240 2794 neceffarittt

467 2792 672 2874 consuetudo
692 2793 983 2865 libera&·traditio
999 2798 1118 2866 incerta
1133 2819 1201 2865 non
1239 2791 1343 2866 offitnt
1386 2820 1543 2895 azymum
1559 2819 1708 2891 panem,
1738 2795 1883 2890 quamuis
1908 2817 1947 2863 ex
1968 2791 2138 2890 appstoiice
2155 2797 2240 2865 tredt‘

466 2890 678 2972 necessarium
694 2889 857 2988 quendum
870 2889 948 2963 fidei
963 2891 1131 2966 articulum
1146 2820 1344 2965 condimen.
1386 2900 1492 2974 tione,
1519 2895 1673 2991 conformi
1680 2893 1776 2990 fabio
1796 2892 1828 2966 C
1825 2889 1920 2988 bristi
1937 2895 2099 2990 veterique
2106 2891 2240 3011 Queat

467 2993 680 3068 Belarntinus
700 2988 720 3059 l.
739 2987 771 3063 d.
786 2994 815 3077 §.
831 2990 1003 3062 Ceterum:
1027 2993 1228 3088 Quidfuerit
1243 2996 1342 3064 inca·
1386 2994 1434 3069 &
1462 2999 1661 3066 conueniente
1682 2991 1835 3088 mysteriis
1853 2987 2082 3090 ſsgnfieandis
2102 3041 2116 3070 ,
2141 3017 2179 3064 ea
2201 3005 2240 3066 ta.

469 3097 616 3168 iiceantc
631 3088 919 3185 consecrationem,
943 3115 986 3162 an
1005 3094 1273 3186 dirempturum,
1298 3115 1344 3160 an
1379 3093 1475 3190 pane'
1494 3092 1684 3189 consecratio
1696 3094 1854 3186 facienda
1868 3092 1936 3189 st:
1962 3092 2011 3160 ita
2031 3111 2074 3161 ex
2098 3115 2136 3163 eu
2150 3145 2165 3174 ,
2184 3115 2240 3190 pce

470 3198 619 3267 matema
643 3213 688 3261 ea
704 3190 865 3264 mixtum,
887 3214 930 3259 an
944 3191 1063 3279 ficera.
1088 3213 1131 3262 aa
1146 3215 1234 3287 aqua
1250 3190 1342 3283 fitia,
1387 3196 1454 3263 vini
1468 3205 1597 3264 tantam
1610 3192 1797 3260 mentionem
1803 3189 1938 3283 seiciunt
1955 3189 2188 3288 evangelistae,
2198 3213 2240 3262 tre

469 3316 513 3367 ex
524 3291 596 3385 fitia
606 3216 778 3386 siriptera
799 3285 935 3387 exprcffe
952 3313 1017 3359 non
1037 3290 1191 3367 babetur,
1212 3288 1269 3381 sed
1290 3313 1343 3359 ne·
1387 3294 1497 3380 ditur,
1510 3292 1645 3387 quodvis
1659 3292 1769 3358 uinum
1776 3289 1910 3384 proprie
1925 3287 2044 3359 elisium
2057 3337 2071 3364 ,
2090 3289 2240 3386 Ws‘ls

470 3385 842 3491 cessoriorerurre'ndum
862 3386 903 3483 est
923 3392 967 3458 ad
983 3390 1190 3459 traditionem
1211 3411 1343 3464 eorum,
1387 3389 1497 3487 retest
1520 3394 1631 3460 uinum
1657 3388 1754 3467 uitis,
1775 3382 1861 3481 poffe
1880 3382 1937 3482 effe
1961 3391 2138 3460 materiam
2161 3387 2240 3485 coest

470 3494 527 3592 pei
547 3491 587 3561 ab
602 3485 749 3585 apostolis
764 3484 811 3562 si
834 3483 944 3557 eurum
961 3486 1118 3581 discipulis
1137 3487 1212 3557 baec
1233 3486 1346 3585 music·
1387 3492 1500 3562 crandi
1512 3487 1687 3584 flengainis
1706 3486 1870 3569 Domini,
1896 3508 1952 3554 nec
1968 3482 2025 3582 effi
2047 3487 2194 3582 austriam
2211 3511 2240 3559 nt

471 3593 526 3663 ria
544 3599 742 3682 acceperunt.
772 3583 923 3657 Traditio
937 3599 1045 3655 autem
1067 3587 1167 3670 babet,
1176 3583 1276 3681 faiffe
1296 3590 1344 3656 ui-
1388 3586 1549 3685 eeffariam
1568 3585 1748 3682 ¹aristionem
1773 3606 1878 3679 aquae
1903 3607 1974 3654 cunr
1995 3588 2094 3674 uine,
2117 3609 2240 3683 quamn

470 3711 551 3761 num
564 3689 702 3755 mixtum
714 3705 820 3777 aqua,
846 3706 923 3781 ergo
938 3687 985 3754 ita
1003 3689 1190 3754 credendum
1206 3686 1346 3776 est,aut
1388 3690 1427 3757 ab
1457 3688 1662 3756 traditionem
1690 3682 1920 3777 apostolicam,
1955 3684 2153 3779 conformem
2170 3687 2240 3783 sud

469 3784 551 3860 nibil
565 3784 642 3854 certi
656 3782 844 3851 demateria
857 3783 961 3852 calicis
975 3782 1134 3852 habemns.
1168 3781 1289 3854 Platina
1310 3786 1344 3852 in
1390 3784 1507 3880 Citrijli
1537 3784 1755 3877 veteribusque
1771 3780 1926 3877 figuris..
1954 3781 2002 3856 ΕΤ
2028 3789 2240 3857 conuenienter

471 3886 539 3956 ritu
560 3878 734 3953 Alexandri
757 3879 781 3949 1.
806 3877 918 3973 Polyd.
941 3879 1091 3976 Virgilius
1107 3879 1159 3950 lib.
1180 3881 1219 3949 V.
1242 3907 1270 3951 c.
1290 3906 1343 3954 ιο.
1386 3882 1601 3982 fignificandis
1618 3880 1791 3977 caysteriis,
1816 3882 1870 3949 illa
1884 3894 2001 3951 temere
2019 3906 2086 3953 non
2098 3883 2167 3980 fine
2182 3909 2240 3979 gru

473 3978 590 4059 concil.
617 3971 827 4050 Triburicnsc
852 4003 920 4049 can.
938 3984 1021 4052 xlx.
1049 3981 1090 4049 ab
1117 3976 1298 4051 Alexandro
1319 3984 1350 4055 l.
1389 3986 1422 4053 ui
1443 3996 1575 4075 peccato
1595 3981 1689 4075 poffit
1704 3982 1937 4072 praetermitti.
1982 3977 2240 4052 Tolettulib.1.

497 4096 667 4177 receptum
680 4076 722 4148 de
733 4099 817 4170 uque
829 4080 906 4147 trino
918 4073 1126 4151 adfundendu
1140 4073 1348 4174 promunulle
1389 4082 1429 4152 de
1447 4077 1589 4149 irtllrudi.
1609 4076 1728 4148 sacerd.
1743 4104 1772 4147 c.
1794 4099 1852 4156 ις.
1873 4082 1902 4167 t.
1918 4072 2064 4150 Rursus:
2088 4077 2240 4174 Conferre

521 4200 623 4253 tuunt.
654 4178 696 4248 Et
715 4170 977 4246 consuetudinem
999 4178 1084 4246 hanc
1101 4201 1169 4245 non
1190 4170 1282 4247 suiffe
1306 4202 1344 4247 tt·
1389 4184 1436 4251 tio
1451 4176 1618 4273 ualidaeji
1641 4175 1793 4269 cerasolo
1813 4178 1900 4249 uino.
1952 4178 2033 4267 VI.)
2059 4175 2182 4249 Minnio
2197 4180 2240 4249 bu

471 4270 681 4355 decessum,
705 4270 835 4371 adparet
854 4274 1063 4346 exDurando
1085 4274 1140 4345 lib.
1157 4276 1213 4346 tv.
1238 4302 1266 4347 c.
1284 4299 1342 4355 42.
1388 4275 1609 4370 labyrinthum
1643 4271 1698 4345 dis
1715 4276 1896 4344 ututionum
1918 4279 2012 4370 parit.
2055 4278 2240 4350 Innocentis

467 4376 635 4462 ubidicit,
654 4377 689 4445 in
700 4395 821 4472 graeca
841 4374 959 4470 ecclesia
976 4374 1345 4468 uniuerfialiteridenore
1388 4379 1446 4449 Ill.
1468 4401 1493 4445 c.
1515 4399 1588 4444 cum
1604 4300 1762 4443 Mertbae.
1784 4376 1812 4461 ᾗ.
1836 4371 2022 4471 Quaefivissi.
2046 4397 2132 4448 extr.
2151 4373 2240 4449 dect

462 4479 554 4579 fieri.
579 4471 782 4547 Lombutdus
799 4468 870 4543 libr.
887 4473 944 4543 tv.
963 4466 1041 4543 sent.
1058 4470 1126 4542 dill.
1153 4498 1205 4543 ιι.
1229 4472 1274 4543 lit.
1294 4474 1346 4553 Η.
1389 4472 1466 4545 lebr.
1483 4467 1568 4542 miss.
1584 4477 1618 4545 dt
1635 4471 1782 4541 Thomas
1800 4494 1885 4566 perr.
1899 4474 1955 4541 ΙΙΙ.
1970 4499 2002 4569 q.
2018 4496 2076 4556 7⁴·
2090 4491 2151 4549 ert.
2173 4492 2205 4547 8.
2216 4498 2240 4545 tt

474 4580 676 4652 Graecorum
687 4570 811 4743 recipio
828 4595 895 4643 nan
912 4576 1071 4665 adponere
1081 4595 1202 4666 aquam
1214 4575 1346 4647 dieitur.
1389 4567 1520 4643 censent
1557 4568 1766 4648 uaellionem,
1785 4573 1819 4638 in
1834 4593 1897 4662 qua
1914 4570 2065 4642 dodlorts
2081 4575 2132 4660 itu¹
2141 4571 2240 4673 perplt

474 4676 608 4752 Armeni
620 4675 654 4742 in
666 4674 756 4742 conc‘
773 4723 782 4742 .
798 4668 981 4743 Florentino
995 4672 1140 4765 primum
1159 4694 1274 4768 uquam
1298 4675 1347 4740 vi·
1389 4696 1445 4742 xus
1471 4595 1567 4740 fulde
1594 4665 1750 4744 trudunt,
1781 4683 1816 4736 ut
1839 4692 1879 4736 ex
1905 4676 1970 4760 ejus
1990 4666 2186 4769 ambagibus
2209 4674 2240 4742 vi

474 4798 522 4849 no
539 4789 717 4868 temperure
737 4766 805 4861 julli
829 4763 910 4840 sunt.
941 4766 1075 4841 Cornel.
1089 4762 1249 4853 tentemus
1267 4766 1286 4838 l
1307 4769 1345 4844 d.
1390 4770 1552 4866 potuerint
1575 4762 1638 4836 sese
1658 4769 1843 4840 extricare.
1873 4769 2051 4838 nimirum:
2086 4796 2134 4842 aa
2157 4794 2240 4868 aqua

473 4861 640 4947 Lutberus
650 4867 722 4966 pust
740 4869 883 4940 Graecus
903 4870 1029 4944 docuit,
1042 4864 1151 4960 fitium
1175 4872 1287 4938 uinum
1309 4872 1346 4941 in
1390 4891 1490 4964 quara
1508 4868 1678 4962 presbyter
1699 4860 1824 4962 miffam
1844 4864 2003 4937 celebrans
2024 4870 2193 4964 infundit,
2216 4866 2240 4942 d

474 4971 568 5048 eelim
588 4972 820 5063 adpoemden.
867 4965 952 5057 tv.)
974 4964 1096 5036 Mirtio
1121 4962 1175 5035 illu
1199 4991 1267 5036 non
1295 4990 1347 5037 re-
1393 4966 1481 5035 caliei
1494 4967 1627 5057 uinoque
1642 4963 1814 5057 immiscet.
1841 4965 2077 5063 instinguinene
2101 4993 2175 5040 cure
2192 4971 2240 5039 uin

474 5064 614 5169 spondet
631 5083 712 5164 typo
739 5060 993 5145 Melchisedeci,
1015 5064 1073 5159 qui
1095 5087 1213 5159 penem
1232 5071 1268 5135 δι
1297 5066 1347 5134 vi·
1393 5061 1712 5157 transsubstantietur
1726 5085 1780 5130 nee
1794 5059 1866 5130 ne?
1890 5065 1971 5134 Sunt
1987 5081 2093 5136 autern
2112 5084 2240 5164 trecop

476 5192 592 5264 num„
628 5188 698 5242 non
732 5185 845 5240 tutem
877 5161 993 5240 rioutn
1028 5184 1111 5259 tque
1133 5168 1274 5237 minum
1299 5164 1346 5250 Ar
1394 5162 1519 5246 moues.
1542 5160 1687 5263 Qidutn
1700 5156 2181 5261 littuunt,quodſseutuintrm
2196 5186 2240 5236 em

1336 5315 1339 5320 ·
2191 5282 2240 5335 W
