5375 6209
367 619 397 690 3
484 541 1992 693 'usnssuucsrr'osssrsrsrrspusstctsstsurtts.
2091 597 2163 669 sss
2265 579 2272 594 '

359 762 542 870 mystica&
570 758 813 836 sacramentalis.
861 762 949 832 Sicut
965 763 996 830 iu
1022 758 1153 858 reliquis
1169 783 1240 852 tny·
1282 757 1544 856 &adprehendi
1594 762 1637 846 Ba
1661 759 1729 832 tilla
1748 762 1829 835 vidit
1841 764 1998 860 Spiritum
2016 753 2163 832 laudium

362 873 488 946 llerii's,
512 881 588 962 puta
608 865 737 933 unionis
752 856 957 1028 personalis,
982 862 1118 958 Spiritus
1140 854 1239 930 sertui
1283 857 1525 932 descendentem
1559 863 1593 935 in
1622 786 1726 956 llleeie
1755 861 1925 936 columbae.
1977 864 2069 948 Ero
2095 881 2165 929 non
2215 913 2220 924 .
2300 855 2313 862 ’

360 963 509 1062 inspeeie
528 957 685 1032 columbae
707 951 927 1031 decendentis
946 965 1007 1033 dte.
1033 962 1111 1029 unio
1130 958 1238 1054 hyper·
1283 951 1387 1028 solum
1401 955 1611 1039 columbam,
1640 958 1691 1030 sed
1716 962 1927 1060 &Spiritum
1950 954 2006 1030 san
2063 960 2166 1030 tusi·

352 1063 490 1166 pdqstso
506 1060 641 1159 largitur
661 1056 801 1130 modum
823 1057 1035 1130 attributionis
1056 1055 1253 1155 hyperphy··
1284 1058 1361 1155 dit,
1383 1080 1451 1127 nou
1482 1075 1591 1130 tamen
1615 1082 1680 1129 uno
1702 1057 1886 1158 eodemque
1900 1056 2028 1129 visionis
2049 1054 2167 1130 modo.

361 1163 466 1240 ficum
483 1162 612 1231 ratione
628 1162 672 1229 tei
690 1153 845 1233 toriellis,
870 1179 942 1253 quae
964 1181 1039 1228 curu
1059 1178 1094 1227 re
1118 1173 1242 1226 terrens
1283 1151 1446 1226 Naturalis
1461 1157 1638 1228 oculorum
1653 1158 1740 1228 acies
1761 1157 1973 1255 adprehendit
1990 1149 2091 1225 solam
2109 1180 2167 1226 co·
2200 1177 2211 1194 ‘
2330 1193 2334 1202 ·

364 1263 599 1356 contangitutt
624 1260 668 1327 ita
690 1257 725 1325 in
752 1252 909 1350 mysterio
932 1279 1032 1329 scena
1057 1253 1141 1329 ide'm
1173 1251 1244 1325 fieri
1282 1250 1450 1333 lumbam,
1478 1279 1546 1327 non
1561 1259 1742 1355 penetrauit
1754 1256 1796 1329 ad
1819 1250 1922 1352 ipsam
1945 1256 2082 1352 Spiritus
2095 1247 2169 1325 san.

366 1358 581 1436 statuendum.
633 1356 686 1446 6.)
711 1352 1004 1438 Quemadmodum
1016 1357 1115 1454 igitur
1128 1349 1244 1427 modus
1285 1351 1328 1420 sii
1353 1345 1541 1434 essentiam,
1567 1357 1694 1430 interim
1719 1358 1795 1456 quia
1823 1357 1932 1426 modo
1951 1349 2105 1448 peculiari
2129 1363 2167 1427 ue

363 1460 492 1534 minuis
510 1453 743 1527 (ammentalis
756 1446 815 1522 soli
838 1453 914 1527 Deo
926 1456 1078 1552 cognitus
1094 1452 1158 1534 ell,
1186 1475 1245 1521 no·
1284 1448 1504 1553 hyperpipſsco
1521 1457 1654 1551 Spiritus
1680 1454 1808 1525 fannus
1834 1479 1911 1525 cunt
1935 1451 1986 1524 illa
2014 1448 2167 1524 columbe

366 1562 437 1632 stra
459 1579 566 1630 aurem
589 1554 723 1624 rationis
755 1546 906 1647 anguillis
926 1552 1161 1651 comprehendi
1188 1574 1245 1621 ne·
1286 1552 1394 1622 unitus
1410 1569 1498 1631 etat,
1526 1555 1599 1624 ideo
1623 1554 1710 1624 tede
1725 1560 1853 1625 &sere
1870 1551 2032 1635 Jolsaunes
2048 1547 2168 1620 dicitur
2271 1573 2275 1582 ·

327 1689 330 1698 ·
364 1661 439 1758 quit
454 1680 467 1737 ;
493 1659 534 1724 ita
566 1677 698 1752 quoque
722 1649 838 1722 modus
862 1649 1118 1726 manducationis
1146 1647 1245 1722 lacta·
1286 1649 1444 1743 Spiritum
1461 1651 1603 1722 sendum
1621 1646 1748 1726 uidisse.
1799 1653 1935 1747 Spiritus
1961 1647 2089 1718 lansius
2111 1648 2168 1719 de·
2266 1691 2269 1700 ·

361 1752 538 1831 mentalis,
572 1778 610 1823 cx
641 1754 762 1821 unione
785 1741 1004 1822 sacramentali
1033 1750 1208 1823 resultantis
1230 1797 1245 1825 ,
1286 1740 1410 1818 stendit
1436 1749 1470 1820 in
1493 1743 1597 1846 specio
1621 1749 1793 1824 columbae.
1841 1753 1931 1847 Ergo
1959 1770 2029 1817 non
2061 1742 2166 1818 soltus

360 1858 514 1928 humanae
531 1854 647 1922 rationi
661 1847 706 1920 cll
730 1847 1074 1945 incomprehenfibilis.
1123 1851 1245 1949 Qum·
1286 1844 1460 1923 columba,
1489 1843 1543 1920 led
1570 1853 1704 1946 Spiritus
1734 1848 1858 1934 sanstus
1887 1875 1960 1921 vere
1981 1839 2168 1937 descendit,

361 1951 546 2028 admodum
571 1973 671 2022 nemo
696 1948 843 2019 nostrum
867 1947 1045 2046 iutelligit,
1074 1947 1246 2045 quomodo
1287 1943 1405 2018 modus
1419 1971 1529 2019 autem
1550 1947 1715 2020 descensus
1727 1948 1770 2022 esl
1784 1947 1951 2025 dissimilis,
1972 1969 1975 1975 ’
2005 1944 2167 2020 Columba

310 2127 312 2132 ,
363 2050 512 2128 chrissus
538 2046 610 2148 poll
632 2041 923 2126 resurreslionem,
948 2058 983 2120 dt
1008 2046 1111 2145 angeli
1138 2045 1170 2118 in
1187 2045 1245 2117 ad·
1287 2041 1454 2115 descendit.
1471 2045 1656 2120 naturaliter
1676 2054 1710 2121 ds
1735 2047 1905 2129 localiter,
1939 2050 2074 2147 Spiritus
2098 2042 2169 2116 san·

313 2145 316 2152 ¹
362 2153 476 2227 sumtis
485 2170 662 2245 corporum
672 2143 792 2216 formis
811 2142 1032 2218 comederint:
1059 2153 1101 2216 ita
1115 2170 1245 2244 quoque
1287 2147 1357 2215 dtus
1368 2139 1643 2239 supernaturaliter
1660 2146 1877 2222 &illocaliten
1927 2142 2168 2246 Apolloli'flstu
2241 2151 2280 2244 Ἀ,

360 2242 606 2350 agnoscamus,
631 2244 918 2316 manducationem
933 2244 1018 2314 illam
1036 2240 1245 2315 sacramenta·
1285 2259 1438 2337 tanquam
1459 2269 1587 2344 organo
1603 2269 1678 2316 vere
1700 2246 1836 2344 physso
1857 2255 2052 2343 acceperunt
2073 2249 2170 2341 Spiriss

359 2349 431 2428 lem
446 2341 512 2419 else
525 2346 709 2437 mysterium
727 2347 852 2414 ratione
867 2345 1006 2415 humana
1028 2343 1126 2440 longe
1147 2365 1246 2440 augu·
1289 2359 1362 2412 tum
1386 2334 1533 2414 sanslutn
1545 2393 1561 2425 ,
1597 2368 1666 2412 non
1700 2366 1806 2415 nutem
1834 2346 1937 2416 modo
1959 2345 2090 2444 pltystco
2115 2339 2168 2417 sed

362 2449 475 2524 (lius,
498 2442 588 2540 quod
614 2447 772 2513 miremur
800 2445 927 2538 potius,
954 2465 1054 2540 quam
1077 2445 1245 2512 rimentur.
1290 2440 1539 2535 hyperphyssco.
1590 2444 1735 2537 Apostoli
1758 2441 1945 2540 τὸνλόγον.
1967 2452 2191 2517 incarnatum.

314 2619 329 2632 ¹·
362 2550 425 2638 7.)
451 2548 486 2618 Si
507 2546 575 2613 lsaec
603 2535 702 2615 essent
728 2538 918 2622 immediate
943 2537 1108 2638 opposita:
1133 2555 1250 2636 corpus
1290 2561 1357 2610 utto
1373 2537 1556 2636 eodemque
1573 2536 1654 2609 visus
1674 2548 1707 2616 dt
1720 2543 1822 2612 tat‘ius
1840 2567 1994 2638 organo,
2019 2542 2075 2615 sed
2093 2571 2170 2612 nto.

363 2645 488 2732 eluisti
501 2645 536 2714 in
549 2635 638 2715 sacra
651 2664 743 2713 ctena
760 2640 1038 2713 atstmanducatur
1053 2638 1250 2715 naturaliter,
1290 2637 1336 2707 do
1356 2634 1486 2708 diverso
1511 2637 1658 2712 uiderunt
1685 2648 1720 2712 de
1746 2641 2012 2729 contreslamnt3
2038 2665 2172 2712 carnem

362 2769 424 2821 aut
447 2739 674 2839 spirintaliter,
710 2761 768 2808 cut
791 2737 991 2835 peculiarem
1007 2737 1049 2808 de
1069 2732 1249 2807 sacramen·
1290 2731 1591 2830 indiscretorum,
1610 2717 1724 2840 'tripos
1763 2734 1974 2839 personaliter
2010 2747 2045 2812 δι
2065 2731 2172 2843 timp.

363 2843 424 2915 tali
437 2837 690 2912 manducatione
702 2837 822 2906 librum
834 2843 905 2906 Ant.
918 2832 1032 2906 Sadee'l
1050 2829 1251 2933 conscriptis·
1284 2832 1454 2930 φυσικῶς.

365 2935 443 3014 set?
472 2941 525 3029 t.)
551 2939 741 3036 Regerunt,
766 2935 909 3029 insuere
929 2935 1111 3029 renoscant
1127 2958 1177 3006 res
1202 2936 1251 3004 di·

352 3038 516 3138 stiessae
562 3038 653 3134 Ergo
668 3028 1250 3131 dyliusiispereipiantnre'nfirumeu·
1337 3029 1380 3135 ᾗ
1412 3031 1631 3112 CLXXXII.
1675 3037 1757 3130 lV.)
1794 3041 1898 3112 Edere
2020 3033 2025 3042 ’

363 3141 434 3218 tis:
456 3135 680 3233 panisseiliret
692 3161 767 3213 ore,
794 3158 911 3228 eorpus
926 3134 1045 3230 Citrijli
1051 3132 1133 3227 fide.
1153 3129 1249 3231 Resp.
1290 3156 1355 3205 eon
1363 3134 1468 3229 potest
1479 3140 1616 3228 proprie
1629 3141 1730 3230 arenti
1746 3141 1780 3207 in
1797 3139 1901 3209 neruis
1951 3136 2007 3213 dl
2025 3135 2114 3196 Edm
2133 3133 2172 3213 ‘st

363 3237 529 3312 distinete
553 3233 685 3332 quidem
702 3259 750 3306 res
769 3229 933 3318 sunt,non
956 3249 1066 3303 tamen
1089 3233 1251 3327 disjunsdae
1292 3255 1424 3319 eume,
1461 3234 1545 3303 alios
1572 3233 1900 3331 sequerrtnrtorpus
1950 3213 2077 3307 doctiss
2095 3218 2173 3277 Ψ·
2227 3229 2230 3234 ’

366 3337 422 3412 vel
436 3333 607 3434 separato,
632 3328 687 3406 sed
697 3329 969 3406 sacramentaliter
986 3335 1091 3404 unita.
1119 3334 1253 3421 Propter
1293 3327 1413 3423 Chrysi
1427 3333 1572 3401 cientibus
1589 3338 1706 3406 adteri.
1758 3335 1901 3430 Scriptus
1969 3319 1981 3348 “
2012 3315 2083 3355 rere.

369 3440 532 3510 unionem
548 3427 811 3525 sacramentalem
825 3429 943 3502 eodem
969 3451 1097 3526 organo
1117 3432 1252 3530 percipi·
1290 3427 1423 3527 quidam
1447 3455 1625 3523 anonymus
1648 3437 1681 3503 in
1709 3426 1899 3502 dissertatio·

367 3555 501 3612 untur,
539 3551 671 3630 proptor
700 3528 885 3626 effestioiem
917 3525 1159 3601 dillindlionesu
1184 3554 1252 3600 non
1292 3552 1334 3599 ne
1350 3532 1526 3600 monitoria
1546 3527 1693 3604 adversus
1711 3532 1787 3600 llo'e'
1805 3544 2033 3627 argumentum
2048 3522 2175 3603 format

364 3632 493 3708 odem
511 3630 612 3704 modo
634 3634 847 3727 accipiuntur.
895 3626 1004 3698 Maria
1022 3629 1172 3712 Druna&
1193 3630 1255 3698 ho·
1292 3626 1499 3720 hocusnodo:
1527 3631 1632 3701 Edere
1642 3656 1705 3701 non
1711 3629 1820 3723 fitium
1834 3625 1880 3724 est
1893 3651 1948 3700 ore
1962 3630 2113 3721 atemere,
2114 3629 2175 3722 sed

366 3738 501 3818 minem
520 3734 552 3799 in
567 3748 659 3801 utero
672 3730 836 3828 gestarit,
863 3727 1050 3815 conjundlio
1065 3726 1110 3810 esi
1127 3731 1254 3799 rationo
1277 3815 1279 3822 Ι
1294 3731 1391 3798 etium
1406 3727 1554 3798 dentibus
1569 3743 1728 3802 conterere
1741 3751 1779 3797 ot
1792 3730 1972 3828 deglutire,
1998 3729 2080 3798 ulios
2091 3730 2189 3800 idem.

366 3834 481 3907 uteri,
507 3826 668 3899 distinctio
693 3834 817 3900 rstioue
841 3821 963 3902 modi,
1005 3850 1074 3897 uon
1095 3832 1184 3897 enim
1213 3851 1254 3900 eo
1295 3824 1368 3924 effes
1397 3829 1507 3904 edere,
1535 3831 1746 3923 quotibihere.
1794 3821 1884 3922 Jnln
1905 3851 1980 3898 uero
2000 3826 2176 3921 absurdunt

370 3928 495 4010 modo,
530 3924 641 3999 ellavit
668 3927 814 3999 divinam
836 3941 1013 4002 naturam,
1043 3949 1111 4020 quo
1139 3929 1259 4000 liunta·¹
1294 3926 1390 4022 rstdr
1408 3949 1538 4019 conterre
1555 3929 1673 4024 Christi
1695 3925 1896 4022 adfirmare,
1922 3930 2007 4023 qnod
2028 3932 2175 4001 dentibus

354 4053 468 4104 mm.
505 3952 669 4098 al’ltomus
693 4029 797 4123 tetigit
817 4022 981 4096 Christum
1000 4023 1109 4094 Deum
1136 4030 1170 4097 dt
1190 4025 1254 4098 lto·
1294 4028 1543 4100 consminttotur,
1592 4025 1687 4124 Resp.
1720 4029 1780 4120 ι.)
1799 4020 1998 4098 Desumnsis
2016 4023 2178 4120 fidetmy·

369 4131 534 4212 minent,
560 4125 652 4198 aliter
664 4146 774 4197 autent
793 4127 893 4221 tetigit
905 4115 1080 4196 secundum
1098 4119 1257 4210 divitiam,
1295 4122 1394 4196 lleriia
1409 4147 1477 4193 non
1491 4123 1699 4216 judicandum
1719 4123 1764 4194 ell
1775 4151 1812 4197 ex
1831 4149 1925 4198 coece
1945 4126 2079 4194 rationis
2096 4123 2196 4214 prte-'

357 4228 474 4306 'aliter
492 4221 667 4296 secundum
693 4227 873 4297 humanam
893 4237 1047 4291 naturam.
1101 4221 1256 4319 Discipuli
1294 4221 1499 4297 dicamentis.
1566 4224 1623 4315 a.)
1652 4223 1730 4298 Nun
1758 4221 1863 4295 omnis
1887 4246 1962 4294 vera
1984 4230 2019 4295 dt
2041 4226 2176 4319 proptia

375 4333 417 4403 in
431 4324 514 4402 flatu
528 4330 563 4396 de
578 4349 653 4396 cum
670 4323 750 4398 llatu
765 4321 883 4392 Christi
897 4341 1088 4416 acceperunt
1101 4321 1255 4415 Spiritum
1296 4318 1505 4393 manducatio
1530 4316 1707 4394 necessario
1724 4321 1861 4394 includit
1878 4323 2177 4395 comminutionem

371 4421 548 4503 sensium,
571 4421 623 4492 sed
640 4422 732 4492 aliter
747 4447 819 4491 acce
844 4441 936 4492 eruut
954 4415 1255 4498 ilatum,uidelicet
1296 4418 1443 4491 dentibus
1484 4415 1654 4499 fasiana-,⁵
1677 4420 1730 4493 sed
1762 4416 1973 4492 solummodo
2012 4420 2177 4494 naturalis.

371 4517 590 4600 ienfibtttter,
615 4528 649 4595 ἀ
661 4546 753 4592 certo
774 4446 918 4616 assessu
942 4511 1124 4587 naturaliter
1130 4544 1142 4602 3
1155 4519 1257 4588 ¹alites·
1299 4523 1389 4589 Num
1407 4522 1493 4614 enim
1507 4521 1549 4589 dc
1565 4520 1681 4617 angelo
1690 4524 1724 4589 iu
1737 4518 1880 4591 adssmta
1895 4520 2041 4615 corporis
2052 4515 2180 4610 forma,

372 4625 497 4700 veroS
523 4623 634 4692 iritum
647 4618 806 4693 sensium.
855 4619 892 4684 ln
908 4614 1066 4710 baptismo
1082 4615 1256 4714 adellpSpi·
1298 4627 1333 4691 dt
1352 4615 1537 4687 deChristo
1561 4622 1632 4714 post
1661 4613 1928 4689 resurreetionem
1964 4616 2180 4692 manducante

373 4727 461 4799 ritus
486 4645 610 4791 ilarius
640 4729 673 4791 dt
700 4744 818 4819 aqua-3
856 4710 910 4785 sed
941 4713 1030 4787 aliter
1057 4711 1255 4813 adspergitur
1297 4716 1447 4787 audadlcr
1471 4716 1789 4810 pronunciabirnus,
1818 4716 1906 4814 quod
1929 4714 2114 4786 adiuturum
2134 4724 2180 4789 ei.

372 4844 496 4919 ¹corpus
514 4842 618 4910 aqna,
640 4816 731 4886 aliter
746 4817 865 4912 Spiritu
882 4809 1007 4886 fando,
1059 4817 1254 4904 Haecexetn·
1295 4818 1374 4887 bunt
1391 4814 1841 4891 dentibus*cottnninueriut,
1864 4815 2088 4910 deglutierint,
2100 4842 2182 4889 con·

372 4921 433 5024 pla
467 4913 635 4988 manifesta
664 4916 836 4986 test-intur,
870 4909 1052 4983 subllanriss
1073 4913 1254 4992 distinctas,
1296 4917 1478 4990 coxerint,
1514 4939 1639 4996 quanto
1669 4914 1844 4986 modestius
1887 4934 2009 4985 veteres
2043 4916 2200 4987 dicuntr'

374 5017 466 5094 fivel
478 5017 711 5111 personaliter,
737 5012 785 5085 sel
800 5014 1109 5106 {sacramentalium
1133 5013 1256 5085 velalio
1297 5014 1374 5109 I’tyl
1399 5014 1658 5104 resttrresiiunem
1681 5018 1814 5086 comedit
1841 5017 2033 5093 Ilnminur,
2060 5013 2109 5087 ss
2128 5039 2182 5086 ue·
2216 5071 2218 5076 ,

373 5114 522 5222 quodam
540 5117 643 5185 molo
668 5117 761 5183 unit-e
781 5110 862 5191 lint,
887 5135 952 5178 utto
970 5116 1099 5205 quidem
1125 5112 1257 5184 eodem·
1298 5138 1333 5186 re
1346 5117 1491 5193 consedit,
1506 5114 1756 5207 eonferendum
1767 5116 1973 5210 pienteſsatn
1990 5164 2003 5192 ,
2017 5114 2080 5207 sed
2096 5138 2181 5184 uerus

372 5243 443 5322 que
456 5239 605 5311 organo,
635 5219 766 5285 interius
778 5230 885 5282 tamen
894 5206 1005 5307 ‚inodo
1021 5205 1149 5282 diverso
1160 5215 1259 5311 recipi
1299 5217 1459 5305 nerninem
1486 5216 1679 5286 assensero
1700 5219 1794 5287 nouo
1819 5217 1939 5304 detenti
1956 5263 1971 5294 ,
1997 5237 2092 5311 patene
2115 5213 2183 5308 ipse

433 5316 530 5391 Tum.
577 5315 628 5383 Χ.
1348 5311 1407 5382 Rs
2086 5317 2201 5396 nouitt
