5375 6209
353 511 358 522 ”
397 519 484 617 'as
584 617 587 626 ,
757 587 759 592 .
1071 463 1226 606 noct
1267 524 1392 605 xxn.
1416 525 1612 606 catix.

434 722 563 816 parunt.
614 705 674 806 ξ.)
697 700 835 803 Regerit
852 704 1085 788 bellarminus,
1100 709 1228 807 fassum
1243 703 1313 811 effi,
1358 709 1454 801 Quid
1473 707 1565 809 quod
1599 705 1811 780 bellarminus
1834 707 1889 810 fieb
1919 708 2018 782 finem
2041 707 2136 802 hujus
2160 734 2233 809 cap.

378 827 380 832 ·
435 815 524 910 quod
539 805 668 904 epistola
681 812 726 878 ati
740 808 926 879 Corinthios
931 808 1063 910 fisneta
1075 807 1124 909 fit
1141 813 1189 883 ad
1206 805 1314 881 omnes
1358 808 1456 882 verba
1474 812 1610 882 Christi:
1635 811 1709 880 Hos
1719 809 1845 903 facite,
1865 808 1963 880 docet
1983 834 2000 877 a
2020 807 2120 878 Paulo
2138 805 2241 905 potis·

421 907 562 1014 fideles,
578 906 634 978 ¹ita
646 909 832 983 utumnia.
854 930 942 1003 ¹quae
961 910 1003 978 ibi
1017 906 1196 995 hahentur,
1220 912 1264 977 ad
1278 931 1311 977 o-
1350 908 1477 982 limum
1492 904 1608 980 referti
1622 909 1663 980 ad
1680 910 1846 978 astionem
1865 904 2123 1005 discipulorum:
2146 907 2241 1007 quod

390 1037 392 1042 ’
421 1019 525 1085 'mnes
534 1007 735 1100 pertineant.
786 1005 1315 1108 Num,enim(iuquit)adomnes
1356 1033 1399 1079 ex
1415 1005 1560 1081 inllituto
1578 1004 1718 1110 aposloli
1735 1006 1875 1102 probat,
1900 1012 1956 1103 qui
1978 1006 2034 1078 hoe
2054 1006 2118 1077 seeo
2136 1032 2244 1078 emen·

361 1103 364 1114 '
432 1108 603 1202 pertinet:
637 1108 775 1182 ,ceatur
791 1106 971 1200 fmnieatio
993 1109 1079 1179 inter
1101 1129 1183 1185 uos,
1209 1107 1314 1202 qualis
1357 1111 1419 1183 ,dot
1459 1130 1600 1178 errorem
1634 1105 1889 1181 Corinthiorum.
1937 1105 2097 1182 Corinthii
2126 1119 2244 1179 aaran

333 1289 335 1293 ¹
433 1207 585 1285 neeinter
622 1201 735 1275 entes?
757 1204 1005 1277 Etaliusdieit:
1028 1231 1087 1305 ego
1102 1206 1176 1295 steen
1186 1205 1313 1284 Pauli,
1357 1231 1426 1279 non
1442 1209 1597 1281 errabam
1613 1207 1649 1277 in
1667 1205 1915 1300 consecratione,
1928 1205 1991 1300 sed
2012 1208 2046 1275 in
2059 1204 2242 1292 sermone,

432 1327 495 1404 ego
505 1228 644 1397 Aposso,
667 1326 726 1401 ego
738 1303 865 1473 ,ίίἷρὺαι
874 1302 896 1382 ,⁹
922 1307 1031 1378 Porro
1046 1307 1124 1376 illud
1146 1308 1182 1376 in
1203 1303 1315 1400 inseri·
1359 1311 1523 1404 quianon
1549 1308 1657 1376 ¹debita
1681 1307 1861 1378 reuerentia
1875 1304 2062 1397 sumebant.
2115 1302 2241 1376 Hares

427 1406 570 1507 mione,
594 1423 669 1480 cam
680 1406 767 1481 omn‘¹
786 1428 835 1488 us,
845 1408 903 1500 qui
910 1408 1060 1477 invocant
1073 1428 1189 1478 nornen
1197 1404 1314 1474 Domi·
1360 1428 1435 1475 vera
1450 1404 1549 1482 suut,
1574 1422 1609 1475 ut
1627 1404 1697 1473 sunt
1711 1401 1895 1479 vcriffima,
1922 1428 1979 1474 cur
1993 1398 2153 1501 disputat,
2170 1430 2241 1478 noa

431 1505 495 1583 ni,
517 1525 582 1572 noa
582 1498 753 1601 fignificat
758 1502 863 1601 scribi
875 1503 1039 1600 epistolam
1050 1510 1095 1582 aa
1107 1525 1236 1582 omnes,
1251 1502 1314 1597 sed
1358 1507 1518 1603 pertinere
1533 1500 1575 1572 ad
1593 1502 1691 1573 laicos
1709 1503 1795 1571 inter
1808 1503 1998 1573 Corinthios
2009 1555 2024 1582 ,
2049 1528 2121 1598 qua
2131 1503 2178 1575 de
2193 1507 2247 1575 in·

411 1683 413 1688 ¹
421 1598 590 1703 fignificat
606 1600 708 1696 scribi
721 1605 765 1672 ad
784 1601 992 1685 Corinthios,
1012 1603 1129 1702 ¹quibos
1155 1600 1315 1700 apostolus
1360 1603 1524 1674 stitutione
1536 1598 1728 1699 &legitima
1741 1599 2016 1674 administratione
2032 1627 2134 1674 eoena
2146 1603 2189 1674 sb
2207 1629 2242 1673 a·

353 1765 358 1772 .
419 1712 585 1798 'precator
602 1697 753 1799 'gratiam
775 1699 1043 1796 &peremtum
1070 1704 1314 1799 omnihus,qai
1358 1700 1489 1875 postulo
1504 1700 1570 1773 hoc
1591 1699 1665 1771 loco
1677 1689 1874 1772 traduntitr?
1898 1705 2005 1796 Atque
2016 1700 2067 1772 hae
2083 1697 2158 1774 sunt
2172 1701 2242 1776 Bri·

431 1802 586 1876 invocant
598 1823 714 1873 nomm
729 1799 877 1874 Domini.
924 1805 1115 1882 Nestanen
1135 1826 1313 1901 negamus,
1371 1804 1487 1872 armiati
1506 1804 1711 1897 exceptiones
1731 1814 1844 1867 contra
1857 1816 2084 1895 argumentum
2098 1825 2237 1899 excepe-

431 1902 513 2000 pain
522 1896 651 1994 ¹epistola
666 1899 722 1969 isla
738 1900 848 1996 ¹aliquo
861 1907 954 1972 modo
964 1908 1008 1974 acl
1021 1927 1127 1974 omnes
1134 1905 1312 1995 pertineat:
1356 1903 1471 1970 titione
1484 1899 1687 1970 institutionis
1702 1892 1877 1995 apostolica
1893 1922 1906 1964 ι
1919 1894 2237 1997 Οοτ.’ΧΙ.·ἆερῐοω·

429 1996 697 2079 dosieinaenine,
720 2020 805 2095 qnae
820 2000 1039 2087 tolerantiae,
1065 2002 1210 2070 omnibm
1232 2024 1314 2070 com·
1358 2021 1444 2071 tum.
1493 1996 1555 2071 Alii
1574 1993 1744 2092 scriptores
1763 1996 2080 2093 pontificiiutuntur
2095 1997 2162 2072 hac
2183 2023 2238 2071 et.

430 2098 540 2175 munis
557 2094 620 2191 est,
635 2097 699 2199 fid
709 2121 775 2173 non
787 2100 855 2168 ideo
877 2102 1008 2187 omnia,
1027 2123 1109 2196 qaae
1133 2101 1177 2169 ibi
1200 2101 1313 2170 diesen·
1357 2099 1533 2194 ceptione,
1560 2095 1651 2190 quod
1670 2092 1783 2165 Paulus
1804 2094 1925 2168 ibidem
1948 2091 2052 2166 dicat:
2091 2098 2241 2191 Quicun-

429 2209 509 2276 μιν,
531 2199 576 2266 ad
591 2219 697 2265 omnes
702 2198 889 2288 pertinent,
914 2200 994 2296 aest
1004 2203 1049 2268 od
1069 2221 1177 2268 omnes
1184 2195 1313 2292 scripta
1354 2217 1417 2296 que
1431 2185 1675 2266 mendtleauerit
1684 2217 1808 2294 panem
1827 2194 1932 2272 hune,
1950 2205 2011 2264 aut
2026 2196 2144 2268 hhemt
2161 2200 2242 2270 eali·

430 2291 515 2471 piet.
563 2287 660 2391 Resp.
671 2289 804 2368 traditio
817 2292 859 2364 de
872 2296 1068 2373 institutione
1077 2320 1258 2368 coenae-non
1268 2294 1310 2367 ad
1354 2319 1422 2370 sens
1436 2294 1682 2391 huncindigne,
1706 2315 1781 2362 reos
1797 2296 1860 2364 erit
1874 2295 2017 2388 corpoeis
2037 2291 2241 2396 &stregai-

445 2392 517 2471 olos
534 2383 750 2469 Corinthios,
776 2390 879 2468 multo
898 2397 1005 2466 mium
1018 2390 1154 2468 adsolos
1167 2392 1310 2466 sacerdo·
1353 2398 1407 2470 etis
1418 2393 1555 2464 Domini
1566 2438 1577 2472 ,
1600 2388 1783 2478 ostendens,
1799 2408 1925 2490 partem
1946 2413 2045 2463 unam
2074 2418 2181 2467 coenae
2199 2396 2240 2468 rh

430 2508 478 2568 ,tea
493 2490 805 2571 intettCorinthios,
829 2489 881 2565 sed
895 2494 937 2565 ad
948 2510 1052 2566 totam
1067 2489 1227 2567 eeclesiam
1237 2516 1312 2591 per·
1353 2491 1452 2564 altera
1478 2490 1613 2588 separari
1631 2486 1729 2586 polle.
1778 2489 1873 2587 Resp.
1911 2489 1975 2580 ι.)
2002 2490 2086 2564 ttae
2108 2498 2241 2592 argutia

356 2605 361 2615 ’
431 2594 534 2667 tinet,
559 2585 594 2659 id
609 2586 699 2686 quod
721 2588 865 2667 inllituto
880 2587 1133 2667 nollrosufficit.
1182 2587 1311 2662 Frivola
1353 2589 1455 2687 scopo
1471 2594 1508 2662 bt
1529 2593 1627 2660 textui
1660 2586 1839 2685 apostolico
1860 2583 2031 2661 manifeste
2049 2613 2242 2692 repugnat,

430 2690 527 2786 igitur
539 2686 762 2784 conceptio,
790 2712 864 2759 cum
880 2715 947 2761 non
963 2695 1122 2786 pertineat
1141 2688 1184 2761 t'cl
1195 2713 1309 2759 omnes
1355 2686 1509 2785 squidem
1533 2681 1696 2786 apostolus
1713 2690 1852 2781 primam
1868 2681 1992 2761 Christi
2003 2686 2237 2764 institutionem

429 2786 641 2864 Corinthios,
667 2783 757 2881 quod
771 2785 805 2853 in
816 2785 933 2857 eadem
941 2787 1073 2886 epistola
1087 2789 1214 2869 dicitur:
1234 2790 1310 2859 Au·
1355 2789 1512 2866 recitans,
1547 2783 1834 2860 manducationem
1855 2783 2105 2861 &bibitionem
2121 2813 2236 2889 perpe·

428 2888 616 2963 ditursinter·
624 2906 680 2953 uos
684 2883 866 2977 fornicatio
875 2909 889 2964 ;
912 2888 1019 2972 ltems
1040 2888 1235 2964 aliusdicit:
1252 2910 1310 2983 ego
1351 2909 1412 2958 tuo
1424 2889 1599 2984 coniungit.
1649 2882 1709 2975 a.)
1734 2882 1838 2955 Posset
1849 2882 1967 2956 eodem
1984 2886 2091 2959 ruodo
2105 2881 2241 2961 inferri:

419 2984 500 3079 seem
513 2981 635 3069 Pauli,
660 3005 719 3079 ego
732 2982 876 3074 Apollo,
901 2982 974 3059 &a
1009 3008 1089 3082 ergo
1107 3009 1167 3056 nec
1188 2982 1310 3055 inllitu-
1352 2983 1467 3055 Paulus
1495 2988 1595 3072 utitur
1620 2977 1775 3079 particula
1805 2981 1996 3079 disjunsliva
2015 2999 2086 3058 aas.
2142 2988 2238 3086 Ergo

381 3127 389 3138 ,.
426 3078 634 3158 tionisverba
648 3081 814 3153 edomites
850 3084 997 3154 attinere.
1045 3084 1144 3154 Ratio
1156 3079 1309 3178 liquidem
1351 3082 1437 3154 laicis
1453 3077 1537 3154 solus
1559 3080 1639 3153 calix
1668 3076 1798 3155 sufficit:
1844 3085 2032 3156 uacatione
2058 3079 2234 3156 ficrisieuli

426 3175 615 3258 diversitatis
631 3178 676 3249 est
693 3104 961 3256 manifedlllima.
1012 3179 1307 3277 Apollolusnonin
1376 3179 1415 3252 ‘ro
1437 3179 1528 3252 libitu
1542 3180 1646 3251 modo
1659 3206 1778 3276 panem
1794 3110 1921 3257 sdlum,
1948 3181 2047 3254 modo
2056 3175 2159 3252 solum
2172 3205 2228 3253 ca·

425 3301 545 3379 genere
558 3297 672 3355 omnes
691 3274 881 3352 Corinthios
899 3275 1099 3351 scortationis
1111 3281 1234 3377 arguit,
1255 3276 1307 3350 sed
1351 3206 1446 3351 licem
1463 3276 1550 3350 laicis
1560 3277 1708 3352 exhibere
1720 3272 1846 3375 pollent
1870 3290 1890 3369 (
1900 3278 1958 3368 ⁶).
2009 3279 2231 3369 ³.)l'artieu·

424 3379 512 3456 inter
531 3400 583 3454 eos
603 3370 832 3448 [coemtionem
857 3374 965 3448 audiri
986 3377 1085 3459 dieit3
1113 3402 1149 3447 ac
1178 3376 1307 3476 quibus·
1350 3376 1381 3449 la
1399 3400 1479 3473 ergo
1499 3391 1561 3449 aut
1581 3401 1649 3448 non
1670 3373 1840 3473 separandi
1856 3377 1913 3452 secl
1933 3370 2151 3476 distinguendi
2162 3396 2235 3450 tan.

340 3505 342 3510 ·
403 3473 504 3553 -dtm
526 3491 654 3546 tantum
674 3470 726 3542 illa
749 3475 890 3569 partium
915 3473 1016 3545 lludia
1036 3483 1071 3546 tc
1098 3469 1305 3549 diffenstouea
1353 3478 1504 3547 tutnvim
1521 3478 1627 3550 habet.
1672 3475 1837 3565 'Quamvis
1855 3479 1943 3550 enim
1966 3475 2179 3549 manducatio
2197 3485 2236 3551 be

424 3573 557 3644 tribuit:
583 3598 653 3670 quat
671 3574 908 3644 enunciationes
931 3571 1213 3672 particularitatem
1237 3599 1307 3646 ma·
1355 3575 1471 3645 bibitio
1481 3570 1543 3645 sint
1556 3568 2008 3674 essentialesminsepatabilet
2021 3572 2118 3647 sacra
2132 3600 2235 3649 crena

425 3665 541 3747 nifeste
555 3694 619 3769 pra
641 3667 671 3740 se
688 3664 805 3736 serunt.
831 3670 955 3743 Contra
972 3695 1049 3746 veto
1071 3689 1155 3747 totus
1173 3690 1306 3745 contex-
1352 3695 1477 3768 partes:
1503 3675 1633 3747 interim
1649 3697 1727 3744 cum
1747 3672 1957 3745 manducatio
1977 3672 2169 3748 abibitiooe
2184 3675 2234 3747 di·

427 3789 480 3848 etus
495 3792 564 3864 cap.
581 3768 637 3837 ΧΙ.
666 3762 826 3841 ollendit,
851 3768 892 3837 ad
914 3768 1013 3840 laicos
1039 3771 1164 3858 etiam,
1189 3794 1306 3867 nequa·
1352 3768 1463 3842 stindla
1481 3767 1538 3862 fit,
1562 3772 1638 3843 ideo
1651 3766 1813 3870 apostolus
1831 3769 1986 3868 particula
2002 3768 2055 3841 iila
2074 3771 2233 3868 distinete·

451 3890 525 3936 uam
544 3889 624 3938 veto
646 3862 687 3942 ad
713 3857 801 3936 solos
821 3862 998 3940 sacerdotes
1023 3872 1207 3964 pertinere,
1234 3895 1321 3967 quae·
1351 3893 1397 3941 ua
1423 3873 1470 3938 uti
1499 3871 1609 3941 voluit.
1644 3871 1762 3944 Matth.
1782 3868 1829 3947 V.
1861 3892 1917 3953 ¹7·
1951 3866 2031 3942 dicit
2068 3870 2236 3944 Christus:

426 3889 467 4038 de
479 3964 678 4035 inllitutione
694 3968 730 4033 ἀ
753 3959 895 4057 legitima
916 3962 1191 4037 administratione
1210 3962 1307 4042 sacrae
1354 3968 1819 4068 Nonuenifisluerelegesnaat
1828 3967 2234 4066 prophetassexeoautem

425 4086 524 4134 coenae
539 4063 657 4134 ibidem
674 4057 858 4133 traduntur.
906 4063 938 4131 Si
953 4058 1129 4137 sacerdotes
1143 4066 1320 4137 Corinthii·
1352 4090 1451 4144 nemo
1464 4068 1614 4164 colligere
1628 4070 1745 4148 dehet,
1763 4065 1873 4167 legent
1889 4070 2085 4166 aprophetis
2101 4067 2235 4168 velpro·

424 4153 556 4230 fuissent
579 4157 698 4231 fimiles
719 4155 877 4257 plerisque
892 4158 1307 4254 pontificiislacerdotibus,
1353 4167 1496 4262 phetasa
1511 4164 1582 4263 lege
1599 4163 1801 4265 separandos.
1849 4171 2045 4239 lovettimus
2061 4169 2161 4265 igitur
2183 4190 2237 4240 ar·

423 4250 514 4329 sorte
527 4282 595 4332 nou
622 4257 705 4329 adeo
724 4250 859 4327 absurde
893 4256 934 4328 ad
955 4258 1028 4334 illos
1058 4256 1173 4334 referri
1200 4259 1306 4360 pollet
1354 4282 1563 4360 gumentutn:
1585 4262 1757 4363 Apostolus
1771 4265 2056 4340 manducationem
2071 4264 2238 4340 abibitio·

423 4332 638 4453 apostolich
652 4352 746 4425 illud:
781 4360 917 4428 auditur
931 4361 1016 4431 inter
1037 4384 1093 4431 uos
1101 4361 1302 4457 fornicatio,
1352 4386 1395 4433 ne
1407 4386 1464 4461 pet
1484 4364 1676 4460 particulam
1699 4379 1760 4436 atet
1777 4362 1964 4461 distinguit:
1987 4385 2067 4463 ergo
2088 4353 2237 4466 figmen-

375 4557 377 4561 .
423 4454 498 4530 tte.
525 4456 558 4525 Si
571 4449 705 4529 fuissent
720 4450 835 4527 similes
852 4456 1027 4554 pontificiis
1048 4461 1239 4542 monachis,
1259 4468 1305 4534 vi·
1352 4477 1419 4532 tttm
1441 4467 1726 4541 concomitantia,
1748 4488 1808 4561 per
1829 4488 1926 4561 quam
1948 4459 2096 4535 statuitur
2111 4461 2235 4538 Christi

422 4551 495 4625 deri
507 4550 631 4652 pollent
643 4554 788 4624 auslotes
811 4552 935 4624 illarum
956 4551 1200 4629 dissensionum:
1226 4567 1305 4662 Ego
1352 4557 1475 4659 sanguis
1491 4563 1650 4633 mediante
1676 4562 1836 4635 benedicti
1859 4564 1950 4656 panis
1976 4560 2234 4638 manducatione

415 4650 687 4754 sunAagasttm·
698 4701 712 4732 ,
737 4675 795 4748 ego
809 4654 992 4746 emutat,
1026 4681 1084 4758 ego
1105 4659 1303 4738 Bernhardi,
1351 4664 1472 4759 accipi,
1500 4656 1670 4736 tusaniseste
1682 4665 1782 4755 rejicit
1806 4661 1966 4767 (i‘*).,¹
2083 4758 2114 4861 §

464 4922 526 5007 (ἢ
545 4925 584 4989 At
597 4926 771 5021 §migletius
789 4930 822 4993 in
839 4926 928 4992 refut
944 4929 1142 4998 diffolutionis
1161 4937 1243 5000 nodi'
1254 4940 1300 5004 sui
1446 4934 1787 5018 nonpetpttttftttttrm
1799 4938 1964 5023 interlefia,
1993 4959 2054 4999 tm
2071 4903 2154 5019 tlttt't
2165 4943 2233 5022 usus

522 5005 630 5092 Gordn
641 5028 704 5086 cap·
724 5013 771 5073 1⁶.
784 5011 932 5093 agnoscit,
946 5010 1036 5092 soloen
1050 5017 1136 5076 aalide
1150 5016 1226 5097 ufitsn
1243 5041 1298 5083 nan
1449 5020 1568 5097 constant
1579 5017 1787 5099 &perpetuare
1808 5041 1836 5080 ee
1855 5018 1982 5098 futurus.
2010 5021 2236 5088 Gentrttwus.

524 5087 744 5183 efficeresaceant
753 5110 862 5184 canan.
906 5089 1003 5152 Verbis
1020 5101 1091 5157 enirn
1102 5097 1212 5176 Chresti:
1226 5119 1299 5181 quo.
1384 5096 1481 5239 (illi)
1501 5100 1589 5177 Syrus
1604 5100 1751 5179 interpres
1780 5104 1940 5181 impliciter
1961 5121 2017 5180 pro
2029 5101 2072 5158 uel
2080 5103 2229 5168 hebetia.

524 5183 698 5249 unicunque
713 5168 842 5240 babens,
863 5171 1099 5244 intimidius:
1116 5175 1193 5259 asan
1210 5180 1298 5242 edicit
1471 5179 1591 5240 articula
1614 5196 1665 5238 aar
1682 5180 1762 5261 apud
1787 5181 2010 5254 jurisconsultos
2030 5201 2096 5244 non
2114 5182 2235 5262 semper

549 5277 555 5300 ι
1269 5289 1276 5302 ·
2172 5265 2234 5327 dis·
