5375 6209
519 532 571 610 ,a
624 501 629 521 “
903 451 932 573 ζ·
959 496 1022 534 *’···
1091 447 1104 555 Ῐ
1139 447 1271 587 noct
1312 494 1441 584 xxti
1478 505 1587 596 cau.
1619 460 1733 585 ιζ*

527 730 605 804 quat
616 697 829 788 mediantibus
842 693 901 769 illis
912 694 946 766 in
958 687 1045 766 saera
1059 716 1149 784 crena
1164 680 1405 764 dillriburmtut.
1456 715 1580 789 corpur
1590 684 1737 763 cibamur
1751 685 1787 762 ec
1803 706 1977 788 potamur,
2005 704 2041 759 ut
2062 686 2149 760 vestit
2186 685 2341 797 membri

528 805 687 907 Quamvis
702 800 788 871 enata
803 818 876 864 non·
894 812 1027 891 propter
1047 789 1338 889 significationem,
1356 788 1408 863 sed
1458 795 1550 890 unius
1563 795 1711 888 corporis
1722 787 1889 862 dilectioni
1914 788 2135 862 &concordiae
2149 788 2342 875 studeam,
2373 877 2378 883 .

530 898 862 979 communicationem
883 896 1029 986 corporis
1046 896 1079 962 dt
1093 887 1146 960 san
1173 894 1252 961 uinis
1275 890 1407 967 Chrilli,
1467 893 1575 964 rcor.
1592 889 1636 966 X.
1657 914 1709 984 17.
1737 893 1837 963 Unus
1846 894 1966 983 putris,
1992 913 2091 958 unum
2116 913 2232 983 corpus
2248 889 2348 959 multi

420 1017 444 1068 7
531 1003 625 1101 panis
649 1005 685 1069 δι
706 997 818 1063 vinum
848 994 882 1061 in
905 988 990 1062 sacra
1009 915 1320 1085 coetrausrrpenrur,
1334 987 1411 1060 telle
1453 989 1593 1085 fitam,
1620 994 1752 1087 quiade
1773 1014 1934 1084 eeopaae
1953 990 2202 1081 participamus.
2228 990 2343 1070 rCor.

533 1094 709 1198 apostolo,
735 1093 842 1162 iCor.
857 1089 903 1165 X.
926 1098 977 1157 ¹6.
1003 1107 1191 1162 nontamen
1206 1104 1412 1159 contemnen-
1459 1087 1543 1165 xil.
1566 1109 1619 1163 13.
1645 1088 1766 1160 Omnes
1780 1091 1813 1158 in
1826 1113 1926 1158 utrum
1934 1088 2091 1183 spiritum
2106 1088 2345 1183 paratissimus.

407 1253 409 1255 ,
534 1189 670 1271 datsunt
688 1186 1043 1285 concinnaeenalogiae,
1068 1185 1170 1257 modo
1187 1180 1414 1257 totumsacra·
1460 1186 1750 1285 Quemadmodum
1780 1191 1869 1283 panis
1890 1196 1924 1258 ὅ(
1945 1191 2054 1257 vinum
2081 1183 2168 1263 illis,
2199 1188 2345 1282 (pullam

535 1291 678 1371 mentale
690 1286 835 1361 officium
851 1288 983 1358 istorum
1000 1280 1228 1376 symbolorum
1247 1310 1313 1357 non
1331 1282 1412 1375 judi·
1462 1281 1564 1357 satiari
1587 1281 1679 1365 sunt,
1717 1310 1830 1381 parum
1853 1280 2006 1381 prosunt:
2035 1281 2076 1355 stc
2100 1284 2237 1383 ccelesiis
2247 1286 2343 1358 cibus

536 1384 901 1486 seturinlignificaudo
919 1381 1098 1458 consistere.
1149 1382 1197 1451 Ut
1218 1387 1307 1480 panis
1323 1406 1414 1479 para·
1461 1392 1603 1480 &potus
1618 1382 1698 1459 illis.
1724 1389 1778 1481 qui
1796 1382 1861 1454 sine
1883 1381 2032 1481 spirituali
2044 1378 2141 1455 'same
2162 1390 2195 1457 dr
2222 1383 2272 1458 srti
2288 1409 2345 1455 ao·

432 1493 437 1520 ‘'
537 1490 769 1585 turexgranis·
788 1488 936 1555 triticeis:
963 1484 1137 1566 itaCbrissi
1157 1479 1334 1578 corpusesl
1365 1503 1414 1550 ra·
1463 1483 1603 1578 cedunt,
1629 1505 1743 1578 parum
1754 1482 1892 1578 proficit.
1921 1487 2025 1579 Apoc.
2038 1482 2140 1558 XXI,
2155 1493 2187 1556 6.
2213 1486 2344 1556 Setiratt'
2379 1493 2383 1500 '

540 1614 621 1665 num
646 1583 727 1657 illud
742 1578 919 1658 frumenti,
946 1580 1033 1676 quod
1053 1598 1221 1654 mortuum
1246 1504 1415 1677 copiosum
1463 1584 1543 1652 dedo
1561 1606 1681 1677 equam
1698 1583 1912 1682 tritaegru'tis.
1939 1582 2246 1684 Apor.XXII.17.
2275 1587 2342 1680 Qui

538 1684 654 1768 adtulit
673 1679 831 1755 feneum.
860 1682 932 1766 Ioh.
950 1681 1031 1757 XII.
1048 1706 1102 1761 24.
1129 1684 1176 1752 Ut
1189 1684 1277 1778 panis
1299 1684 1332 1747 in
1361 1674 1416 1746 cli·
1456 1681 1552 1783 fitis,
1578 1684 1698 1754 ueniat.
1753 1689 1802 1770 ς.)
1825 1682 1887 1750 Pro
1912 1700 1958 1751 ter
1982 1684 2194 1759 umbrarum.
2222 1684 2344 1782 figura·

540 1779 628 1862 bano
640 1778 770 1855 fervore
786 1786 869 1877 ignis
886 1784 1056 1879 coquitur,
1083 1790 1117 1853 δι
1135 1778 1173 1848 ad
1197 1777 1305 1848 cibum
1322 1799 1416 1873 pata·
1464 1803 1537 1849 rum
1551 1785 1584 1851 dt
1601 1778 1766 1876 fignorum
1783 1708 2008 1856 exeluslinem.
2060 1784 2093 1853 Si
2104 1787 2193 1852 enim
2207 1783 2339 1856 Christo

352 1927 361 1934 -
435 1891 438 1897 ’
542 1909 624 1961 cur:
644 1886 687 1954 ita
707 1882 851 1951 Christus
873 1883 906 1947 in
921 1903 975 1948 ara
999 1882 1099 1949 crucis
1123 1875 1252 1949 fervore
1276 1875 1416 1946 caritatis
1465 1871 1736 1966 animusfuiss'et,
1760 1873 1928 1975 corpus&
1952 1876 2136 1975 {inguinem
2158 1874 2254 1952 suum
2273 1907 2340 1956 nou

490 1975 493 1983 ¹
539 1975 830 2057 velutialsatusell.
854 1975 952 2048 Exod.
973 1975 1054 2053 XII.
1071 2000 1100 2055 9.
1138 1975 1187 2061 Ut
1208 1979 1297 2070 panis
1317 1974 1421 2043 nutrit
1465 1976 1634 2053 exhibere,
1672 1973 1722 2046 sed
1749 1970 1856 2073 saltem
1877 1975 2094 2063 adumbrarea
2135 2005 2205 2050 non
2236 1975 2342 2082 ipsum
2364 2015 2385 2022 ·’

541 2090 577 2158 dt
589 2076 754 2151 confortat
771 2100 828 2148 cor
844 2075 1002 2146 hominis:
1029 2071 1073 2145 fic
1089 2072 1206 2146 chriti
1232 2097 1349 2171 corpus
1364 2096 1418 2167 pa·
1465 2098 1581 2171 corpus
1594 2082 1627 2148 ἅ
1640 2070 1954 2172 sanguinemsuum,
1978 2071 2030 2146 sed
2045 2079 2112 2168 ejus
2130 2074 2344 2154 solummodo

537 2178 604 2257 scit
632 2176 766 2270 nosnad
797 2178 896 2244 vitam
920 2192 1080 2244 aternam.
1120 2171 1267 2264 joanL
1288 2194 1342 2251 50.
1363 2192 1422 2248 5¹,
1466 2170 1795 2270 liuram&s1gnum
1816 2174 1997 2255 inllituere,
2022 2175 2130 2273 utique
2149 2202 2344 2278 agnumpa·

408 2321 413 2332 ι
508 2271 727 2373 *Cyprianus
748 2267 840 2345 serm.
864 2271 906 2343 de
928 2293 1017 2341 cona
1040 2297 1073 2369 p.
1093 2293 1175 2351 451.
1210 2272 1298 2341 Sicut
1318 2271 1419 2363 putris
1467 2198 1606 2346 scltalem
1628 2297 1696 2344 non
1717 2267 1921 2370 abrogasset,
1957 2300 2016 2345 nec
2039 2282 2102 2367 ejus
2121 2284 2203 2347 loco
2224 2301 2344 2374 penem

509 2443 511 2448 .
541 2376 749 2452 momnis,
762 2395 854 2469 quem
874 2373 1010 2467 quotidie
1025 2374 1167 2449 adiretur,
1193 2368 1331 2464 esttibus
1351 2391 1419 2438 cor·
1466 2378 1501 2444 ἃ
1516 2377 1624 2441 vinum
1645 2374 1678 2441 in
1701 2370 1764 2442 hoc
1779 2397 1856 2443 nou.
1871 2371 1940 2444 tell.
1963 2372 2168 2447 sacrammto
2183 2372 2344 2449 adhibuis
2374 2403 2380 2412 ·

326 2518 329 2522 -
409 2542 411 2545 .
538 2476 649 2573 poris:
680 2476 728 2543 ite
748 2473 848 2565 partis
871 2467 1250 2565 istesupersubstaatialrs
1282 2466 1323 2563 est
1350 2469 1420 2536 vita
1465 2470 1532 2554 set,
1560 2468 1717 2568 liquidem
1739 2473 1815 2566 agni
1845 2466 1995 2567 paschalis
2018 2474 2173 2545 rnadlatio
2203 2497 2244 2546 ac
2274 2468 2345 2547 san·

543 2575 674 2648 animae
696 2569 742 2646 69
755 2570 896 2665 finitor
916 2571 1042 2638 mentis.
1095 2572 1141 2638 Ut
1176 2572 1265 2661 panis
1295 2562 1417 2634 nullam
1464 2570 1571 2663 guinis
1586 2576 1651 2658 ojus
1665 2562 1800 2656 effusio,
1826 2587 1860 2637 ut
1878 2579 1911 2641 δι
1936 2572 2040 2639 carnis
2055 2577 2120 2663 ejus
2139 2572 2347 2648 manducatio

567 2668 735 2745 uotidiruo
757 2664 813 2738 usu
830 2661 937 2763 adfert
956 2660 1103 2743 nauseam
1138 2688 1192 2733 aur
1222 2659 1416 2734 satietatem:
1464 2675 1499 2737 δι
1515 2655 1674 2760 sanguinis
1700 2671 1732 2734 in
1754 2666 1893 2761 postibus
1911 2675 1943 2740 dc
1960 2666 2048 2764 super
2067 2667 2215 2747 liminari
2226 2671 2346 2745 domus

541 2699 588 2847 de
602 2792 718 2865 corpus
741 2764 861 2835 Chrissi
885 2757 1041 2833 famelicis
1062 2762 1212 2834 cordibus
1238 2760 1302 2831 sene
1323 2759 1421 2832 omni
1464 2760 1628 2861 adsperso
1651 2763 1758 2832 multis
1783 2767 1888 2837 modis
1910 2763 2080 2838 elatiorem
2100 2775 2137 2841 tit
2163 2770 2347 2843 evidentio-

541 2862 658 2942 nausea
678 2865 766 2935 cibus
781 2860 827 2933 esl
840 2857 1047 2932 suauissimus.
1095 2861 1270 2930 Urvinum
1291 2856 1333 2929 eti
1350 2859 1422 2927 sue-
1464 2887 1532 2934 rem
1546 2887 1620 2933 cum
1636 2859 1781 2956 passione
1801 2865 1921 2935 Cirrisli
1939 2874 1973 2937 δι
1998 2872 2063 2958 ejus
2083 2861 2345 2965 spirituali‘srui·

370 3032 372 3036 .
541 2990 598 3040 eus
608 2957 834 3036 nobilissimus,
844 2985 882 3029 ex
896 2980 968 3028 rore
979 2958 1072 3039 coeli,
1097 2957 1341 3054 &pinguedine
1352 2978 1420 3025 ter·
1463 2965 1553 3032 tione
1581 2959 1761 3056 analogiam
1779 2962 2039 3061 significativam
2073 2959 2218 3051 hahent,
2245 2994 2346 3066 quarn

421 3126 423 3130 ,
540 3077 709 3147 raenatus3
734 3056 1056 3135 Gen.XXV11.2e.
1083 3055 1417 3129 ficChritiusettvitts
1462 3062 1602 3157 panis&
1624 3061 1746 3129 vinum.
2223 3106 2240 3142 ,

541 3186 644 3239 vera,
676 3159 753 3259 Joh.
768 3155 848 3234 XV.
872 3182 904 3246 r..
931 3182 967 3228 ex
989 3161 1076 3247 cujus
1094 3155 1192 3227 latere
1213 3155 1420 3253 promanavit
1512 3155 1551 3258 ᾗ
1579 3157 1678 3233 XXI.
1706 3161 1890 3255 Qaritur:
1930 3165 2000 3253 Ii.)
2021 3169 2073 3236 An·
2129 3189 2134 3196 ·

504 3261 506 3265 '
540 3256 695 3359 sanguis,
721 3281 817 3352 quem
844 3279 884 3326 ex
906 3253 1030 3352 poculo·
1045 3256 1249 3330 eucharistico
1266 3251 1421 3323 brutinus.
1443 3256 1618 3330 ‘elementa
1634 3253 1686 3326 illa
1703 3281 1831 3329 externa
1853 3259 1914 3331 five
1938 3285 1985 3333 res
2007 3281 2071 3334 rer.
2143 3285 2313 3376 Qui-m„

516 3358 593 3429 'Ut
608 3358 720 3428 vitrum
741 3353 827 3426 litim
844 3352 1087 3444 tollit„&cor
1105 3355 1245 3425 hominis
1259 3350 1416 3452 latificat,
1465 3378 1720 3441 transmutare,
1745 3382 1842 3453 atque
1868 3358 1951 3429 aliud
1977 3361 2070 3455 quid.
2119 3361 2343 3445 ,Ianam

414 3479 446 3552 ‘¹
534 3451 662 3533 esaim.
690 3453 785 3532 CIV·
824 3474 877 3532 15·
903 3450 956 3523 sic
981 3454 1099 3523 Christi
1125 3448 1248 3550 sanguis
1269 3469 1421 3522 aeternam
1488 3462 1553 3525 iam
1573 3452 1746 3550 analogum
1769 3461 1801 3526 in
1827 3482 1941 3528 eorum
1962 3449 2093 3531 locum
2122 3448 2341 3545 “fllmtfm

541 3552 745 3631 fitintoliit,
775 3561 809 3624 dt
831 3549 1087 3644 anl‘tnasreficit.
1115 3553 1190 3648 Joh.
1213 3549 1275 3627 Vl·
1296 3550 1422 3629 55·Pe·
1464 3483 1654 3627 substituere
1699 3551 1830 3632 liceat?
1892 3557 2073 3653 Negamus.
2120 3545 2234 3593 ''m'‘
2257 3528 2346 3590 Μ

541 3648 836 3728 trus-Cluniaeenlis
853 3646 922 3717 libr.
938 3652 960 3717 l.
977 3647 1066 3745 episi.
1081 3647 1106 3721 f.
1124 3674 1140 3713 a
1149 3675 1179 3728 9.
1211 3651 1257 3720 Ut
1281 3652 1351 3720 uite
1367 3671 1423 3717 ae·
1467 3656 1527 3743 1.)
1556 3656 1644 3739 Quia
1668 3648 1843 3751 descriptio
1866 3659 1900 3725 ἀ
1925 3659 2075 3753 repetitio
2117 3739 2122 3745 ,

542 3749 858 3845 inauspirt'tuoliter
873 3746 920 3821 87
936 3749 1127 3847 ineffibiliter
1144 3752 1262 3818 mendo
1281 3752 1314 3816 in
1323 3772 1425 3839 pree·
1466 3750 1671 3825 instimionis
1691 3752 1918 3823 tantummodo
1962 3779 2056 3827 anem
2074 3760 2109 3829 dt
2134 3758 2279 3847 tinum,
2295 3784 2345 3832 ue·

533 3849 784 3951 setrtirollorute
799 3846 1072 3941 corporaliter&
1087 3849 1245 3942 visibiliter
1261 3848 1419 3940 institero
1466 3869 1626 3951 quaquam
1646 3872 1726 3922 vero
1739 3849 1824 3921 aliud
1837 3781 2002 3948 quoddam
2026 3852 2228 3927 elementum
2244 3862 2345 3956 expri.

468 4025 473 4030 ,
541 3948 957 4046 eonfereadaſsgnaretur,
982 3950 1060 4015 dete
1083 3946 1210 4042 esitare
1230 3942 1426 4037 Christisrtd
1466 3967 1584 4025 munt,
1613 3948 1688 4019 ideo
1706 3949 1822 4019 abhoc
1846 3951 1962 4022 divinat
1984 3950 2197 4025 inllitutioois
2218 3959 2343 4027 transite

534 4049 751 4147 speriepem's
776 4049 819 4115 ed
840 4047 1085 4136 comedendum,
1110 4050 1206 4116 datus
1226 4043 1266 4139 est
1278 4043 1424 4141 fimgeir
1467 4043 1651 4132 discedere,
1695 4047 1814 4117 Chrilli
1838 4047 1980 4123 fidelibus
2011 4076 2080 4122 non
2104 4049 2148 4124 eti
2166 4054 2341 4153 integrum.

543 4144 733 4241 Cleristisub
753 4143 824 4214 uini
832 4143 948 4238 formo
969 4143 1142 4215 dominibus
1168 4147 1211 4214 ad
1230 4145 1420 4220 bibendum,
1466 4147 1537 4235 Joh.
1552 4144 1653 4223 VIII.
1685 4170 1744 4232 3¹·
1776 4149 1811 4216 si
1839 4150 2018 4245 maestritis
2035 4155 2069 4221 in
2082 4151 2236 4246 sermon
2253 4179 2341 4233 meo,

542 4247 677 4346 nefrat
692 4268 780 4337 perte
795 4241 842 4316 69
855 4243 928 4311 uino
944 4247 987 4312 ed
1003 4246 1105 4313 vitam
1128 4242 1290 4314 mortalem
1299 4244 1423 4334 princi·
1468 4245 1696 4339 veredisrt'peli
1711 4250 1772 4316 mei
1796 4251 1896 4319 eritis.
1947 4249 2007 4338 2.)
2032 4251 2117 4347 Qia
2143 4250 2293 4325 Cluilius
2311 4256 2347 4322 iu

537 4343 662 4445 paster
681 4343 821 4430 dominer
836 4351 1002 4419 urantur,
1016 4344 1065 4439 ſse
1081 4346 1238 4413 advitam
1255 4345 1423 4417 immorta-
1466 4348 1572 4442 prima
1595 4344 1792 4416 institutione
1818 4345 1912 4418 nullis
1936 4346 2004 4418 aliis
2024 4343 2180 4439 symbolis
2197 4354 2355 4436 externis,

542 4445 622 4525 am,
649 4466 730 4539 quae
753 4439 793 4537 est
812 4439 876 4534 ipse
895 4438 1066 4536 Christus,
1091 4466 1220 4536 torpore
1243 4437 1357 4538 Christi
1376 4438 1436 4512 69
1467 4465 1565 4540 quam
1579 4467 1661 4539 pane
1679 4450 1713 4514 δι
1733 4448 1821 4530 uino,
1846 4442 1917 4516 usus
1936 4447 2000 4523 eli,
2024 4448 2062 4515 ab
2078 4447 2144 4519 lroc
2160 4447 2282 4524 Christi
2298 4474 2345 4523 ex-

533 4544 701 4643 sanguiue
724 4540 771 4613 lrit
784 4538 1026 4634 spiritualiter,
1044 4541 1244 4636 postmodum
1263 4564 1337 4610 vero
1354 4554 1423 4610 rem
1468 4540 1580 4639 enrplo
1615 4544 1801 4637 neutiquam
1833 4558 1952 4628 temere
1978 4544 2176 4628 abeundum.
2230 4554 2288 4641 3.)
2307 4550 2343 4618 lu

447 4725 449 4730 ¹
533 4641 763 4741 spiritualiter·
790 4662 889 4735 quere
922 4641 1156 4733 corporaliter,
1197 4642 1231 4707 ia
1258 4652 1424 4709 aeteruum
1467 4635 1668 4711 sacramento
1681 4635 1826 4735 baptismi
1843 4639 1919 4714 loco
1939 4647 2028 4742 aque
2054 4672 2125 4718 nou
2147 4653 2340 4743 permittitur

538 4741 730 4838 prestantur.
790 4740 851 4826 4.)
885 4738 1020 4833 Propter
1048 4731 1426 4833 commonefattionem,
1467 4739 1595 4810 alterius
1609 4735 1912 4834 cujusdamliquoris
1926 4740 2010 4814 usus.
2060 4747 2150 4841 Ergo
2164 4768 2225 4818 uec
2240 4747 2337 4820 inho

544 4863 649 4939 quam
673 4837 814 4935 prebent
833 4836 902 4905 hac
922 4830 1069 4926 symbola
1096 4857 1225 4906 externa
1252 4833 1292 4906 ad
1315 4834 1428 4928 myris.
1469 4837 1669 4935 sacramento
1699 4836 1842 4930 symbola
1868 4859 1996 4912 externa
2027 4840 2173 4940 analogo
2199 4846 2338 4941 quodam

545 4961 625 5012 eum
643 4936 829 5008 convitium
849 4933 1084 5007 accedentibus.
1132 4933 1423 5033 Quemadmodum
1468 4935 1678 5034 permutanda
1707 4932 1792 5011 sunt.
1860 4940 1923 5033 4.)
1949 4942 1986 5011 In
2017 4942 2167 5015 omuibus
2186 4945 2343 5043 scriptura
2382 4995 2385 5002 .

548 5038 712 5134 engranis
734 5031 842 5105 multis
865 5056 947 5105 unus
971 5037 1081 5129 panis,
1109 5039 1144 5106 dc
1168 5058 1205 5104 ex
1228 5031 1335 5107 multis
1357 5040 1426 5109 uvis
1467 5036 1581 5112 dietis,
1608 5061 1677 5131 quae
1689 5034 1729 5108 de
1744 5031 1831 5109 sacra
1844 5064 1939 5110 coena
1962 5063 2080 5137 agunt,
2104 5042 2342 5137 ptuissetini,

547 5159 629 5235 anus
644 5139 741 5232 potus
755 5147 904 5233 paratur:
924 5127 969 5231 fic
985 5129 1121 5206 insuere
1148 5134 1294 5212 eoeruiu
1323 5158 1429 5211 uuum
1465 5160 1534 5208 non
1573 5131 1699 5208 alterius
1746 5134 1910 5232 cuiusdam
1949 5137 2096 5213 elementi
2137 5136 2175 5213 fir
2209 5147 2342 5218 mentio.

2132 5241 2345 5341 ,Νη
