5375 6209
809 509 1799 645 urcoMMuurounsuuuutsrrcrc
2156 572 2252 688 ⁴2?

395 748 482 826 vero
498 744 638 848 {poton
650 744 686 823 in
706 743 810 847 prima
832 774 944 827 erent,
968 744 1100 846 quande
1121 770 1190 819 non
1209 742 1284 818 sue·
1325 745 1438 843 guinis
1453 747 1489 824 io
1536 743 1673 838 pulum,
1699 772 1799 843 quant
1825 748 1932 847 Moses
1942 752 2047 848 ficit,
2074 752 2207 828 deterre
2314 796 2316 802 ·

400 874 478 923 runt
505 849 736 927 conficientes,
761 874 801 920 eo
828 847 931 922 modo
955 847 1021 918 hoe
1047 841 1281 938 sacromentum
1331 847 1397 915 Hic
1416 843 1461 914 ell
1500 845 1612 940 anguis
1636 848 1831 926 testamenti.
1856 851 1946 947 qood
1970 855 2092 948 pepigit
2115 853 2208 926 vobi.

397 952 656 1048 participarunt,
680 970 716 1018 ut
735 972 803 1019 non
820 946 923 1019 solum
937 943 1144 1017 benedictum
1161 968 1279 1042 panem
1325 938 1416 1014 scum
1433 945 1532 1014 Deua.
1578 945 1760 1038 Propterea
1776 951 1812 1016 in
1832 949 2004 1022 Martiam
2024 974 2098 1020 cum
2118 951 2207 1023 dixit

394 1047 555 1125 ederent,
579 1041 743 1121 sedetiam
757 1042 1089 1117 exbencdidlocalice
1107 1042 1279 1122 biberent,
1326 1040 1493 1137 Christus:
1527 1041 1629 1113 Bibite
1658 1067 1698 1113 ex
1729 1041 1793 1114 hoe
1816 1068 1955 1125 omner,
1973 1047 2207 1150 subjunxisti

397 1163 437 1218 ut
463 1146 588 1218 constat
605 1170 646 1217 err
666 1147 773 1218 verbis
797 1146 902 1217 Marc.
916 1141 1007 1220 XIV
1008 1196 1017 1215 .
1036 1163 1095 1219 23.
1119 1144 1279 1214 Bonum
1326 1139 1455 1234 roustrm
1473 1138 1616 1218 bdecdi,
1642 1141 1695 1212 hic
1717 1141 1761 1213 est
1780 1140 1904 1241 sanguis
1923 1169 2011 1219 meus
2028 1172 2107 1221 nor.
2131 1147 2210 1226 reste·

395 1270 618 1318 exeoomrrer.
668 1248 759 1342 Ergo
773 1249 869 1315 etiam
883 1238 1095 1314 laici-eodem
1109 1240 1213 1314 modo
1231 1235 1280 1311 sa·
1325 1242 1361 1309 id
1377 1238 1440 1331 est,
1463 1242 1533 1309 ideo
1555 1242 1672 1317 bibite,
1713 1242 1794 1337 quio
1821 1246 1949 1315 bibendo
1972 1244 2143 1339 perficietis
2164 1273 2208 1322 err
2275 1242 2280 1247 ’
2344 1309 2349 1319 .
2386 1199 2389 1206 ·

395 1367 492 1416 cram
517 1368 641 1416 coenam
663 1347 851 1440 participare
869 1339 1009 1427 debent,
1032 1356 1153 1410 utnon
1172 1335 1279 1410 solum
1319 1349 1420 1433 parte
1432 1336 1535 1428 vestra
1550 1362 1625 1409 noo.
1641 1338 1710 1435 test.
1725 1344 1967 1439 eririspopultrs
1981 1347 2050 1417 Dei
2069 1346 2129 1418 lrot
2146 1348 2208 1444 rest

398 1441 608 1516 benedidium
630 1466 751 1540 pauent
767 1440 891 1518 edant,
914 1436 967 1510 sed
982 1440 1080 1511 etiam
1096 1464 1133 1510 er
1150 1436 1278 1509 benedi·
1316 1436 1397 1531 sero
1408 1438 1560 1533 sodetali
1587 1451 1736 1534 arrepto,
1763 1439 1835 1514 &e
1883 1444 1932 1513 Ex
1952 1442 2001 1513 hir
2024 1442 2209 1541 Sttplrtoni
2311 1460 2313 1464 ’

404 1539 575 1615 &ocelim
596 1541 715 1612 bibant.
766 1542 799 1610 Si
814 1539 924 1610 dicere
944 1535 1063 1612 velint,
1091 1536 1175 1607 hanc
1200 1537 1279 1631 apd·
1326 1536 1430 1607 verbis
1450 1533 1492 1606 fic
1512 1532 1699 1609 inferimus:
1727 1543 1793 1609 Aut
1813 1539 1950 1638 populus
1979 1544 2042 1615 Dei
2071 1545 2105 1614 in
2122 1565 2205 1624 nor.

404 1637 563 1714 stolorum
585 1638 778 1731 bibitionem
792 1634 855 1707 elle
874 1627 1071 1736 α’ὃιᾶφορον
1086 1643 1120 1708 &
1135 1634 1280 1719 liberam,
1325 1630 1391 1705 tell.
1405 1633 1530 1733 populo
1545 1638 1693 1720 vetteii.
1707 1641 1746 1711 in
1762 1645 1831 1731 jore
1848 1641 2089 1713 communionis
2105 1636 2210 1716 secre-
2300 1653 2313 1669 ”
2353 1727 2355 1734 Ι

397 1738 526 1830 oblltnt
541 1737 602 1811 illie
618 1740 711 1814 verba
724 1735 861 1808 Clttilli:
886 1739 960 1807 Hoc
975 1736 1106 1831 facite.
1134 1757 1206 1829 quae
1226 1732 1283 1827 Jo·
1325 1732 1473 1804 mentalis
1486 1732 1729 1830 postponendus
1745 1788 1760 1815 ,
1785 1755 1840 1807 aut
1856 1737 2103 1812 concedendum
2123 1744 2213 1822 erit.¹

397 1833 525 1910 honen
538 1864 558 1908 a
571 1839 720 1907 Louanio
732 1842 767 1909 dr
780 1860 819 1906 ex
831 1834 888 1905 illo
900 1795 1110 1908 Bellarminut
1125 1832 1166 1903 ad
1180 1831 1281 1902 asilo·
1349 1828 1485 1929 opulutn
1508 1834 1597 1911 Dei,
1627 1856 1663 1905 ut
1675 1833 1756 1908 olim
1771 1853 1899 1910 externe
1919 1834 2049 1911 soederir
2068 1836 2207 1924 tessera.
2229 1894 2232 1899 -

395 1959 479 2008 nem
492 1933 708 2008 manducandi
727 1941 762 2007 dr
783 1932 914 2004 bibendi
927 1929 1091 2003 referunt:
1116 1928 1222 2000 obstat
1237 1944 1281 2001 et·
1325 1854 1483 2027 sanguinis
1508 1924 1735 2026 adspersione,
1768 1941 1810 2007 ita
1838 1961 1926 2007 nunc
1948 1962 2079 2036 quoque
2098 1938 2209 2018 celiel·

396 2034 467 2106 iam
485 2042 598 2133 paritas
612 2037 760 2132 precepti
776 2038 809 2102 in
824 2032 944 2102 verbis:
971 2034 1162 2101 manducate
1176 2028 1224 2103 df
1234 2030 1281 2098 bi·
1325 2033 1561 2100 communione
1574 2036 1774 2130 participare.
1826 2035 1916 2105 Prius
1937 2035 2211 2132 Smpletonurdlo

395 2136 476 2207 bite.
527 2139 588 2222 7.)
614 2136 647 2201 Si
661 2129 797 2229 apossoli
815 2135 846 2200 in
860 2135 966 2228 prima
983 2151 1073 2201 coena
1089 2122 1283 2199 solossacer·
1323 2149 1396 2198 cere
1408 2129 1537 2226 nequit,
1560 2133 1634 2224 quia
1654 2126 1786 2204 confert
1805 2133 1943 2206 invicem
1966 2132 2123 2230 populum
2143 2153 2209 2226 vet,

396 2232 496 2306 dotet
509 2230 716 2330 defignaront
731 2279 743 2306 ,
771 2235 814 2299 ita
828 2250 883 2306 ot,
911 2254 982 2324 qua
1000 2228 1040 2297 ad
1057 2222 1142 2323 ipsos
1165 2226 1253 2296 dieta
1266 2273 1280 2302 ,
1323 2232 1359 2297 dt
1373 2250 1450 2298 nov.
1465 2225 1533 2299 tell.
1547 2220 1721 2303 Cassander
1736 2234 1769 2300 in
1785 2226 1918 2302 consult.
1932 2255 1991 2304 art.
2006 2231 2088 2309 XII.
2117 2235 2209 2330 disti?

392 2357 472 2404 aton
499 2335 680 2427 pertineant
701 2328 742 2399 ad
767 2328 908 2426 reliquos
923 2324 1058 2404 fideles.
1084 2319 1282 2421 consequens
1317 2326 1415 2419 pulos
1435 2325 1552 2421 Cbryli
1573 2329 1607 2395 in
1620 2333 1734 2422 primo
1753 2352 1839 2402 ento
1852 2328 2003 2423 fidelium
2028 2336 2209 2406 communi.-

398 2423 520 2518 fuerit‚
544 2427 775 2511 institutionem
804 2452 903 2497 eoenae
930 2424 970 2495 ad
998 2422 1080 2495 solos
1102 2418 1282 2494 sacerdotes
1324 2422 2209 2525 cantiumpetlbtramrepraesentaffiagnoscit.r,)1.o·

399 2531 587 2629 pertinere,
611 2524 710 2598 laicos
718 2551 826 2596 autem
837 2549 904 2594 non
921 2520 1281 2594 habercinllitutionem
1325 2519 1435 2593 theros
1456 2521 1526 2591 libr.
1542 2521 1583 2591 de
1599 2541 1686 2619 capt.
1703 2524 1812 2615 Rabyl.
1828 2549 1897 2619 cap.
1912 2523 1953 2597 de
1966 2527 2057 2598 eucb
2073 2549 2208 2616 monet.

398 2653 465 2702 nee
480 2623 667 2705 mandatum
684 2628 725 2697 de
741 2619 827 2695 sacra
849 2649 940 2694 coena
963 2619 1191 2719 participandi,
1214 2645 1280 2715 que
1324 2644 1393 2689 non
1409 2620 1476 2691 fine
1503 2621 1660 2710 mysterio
1687 2622 1854 2692 Chrillum
1876 2618 2006 2692 dixisse:
2039 2626 2147 2698 Bibite
2164 2653 2208 2704 err

388 2727 526 2814 ,rn'tione
540 2750 608 2800 non
624 2722 728 2794 solum
751 2722 933 2793 benedictus
947 2720 1047 2808 calix,
1071 2718 1124 2791 sed
1148 2743 1217 2796 tota
1234 2714 1281 2789 st·
1322 2718 1382 2788 lror
1395 2743 1528 2795 omnes,
1557 2741 1632 2790 cum
1655 2746 1723 2793 non
1745 2719 1861 2791 dixerit
1881 2724 1983 2818 ptiur:
2015 2729 2209 2798 manducare

392 2851 456 2900 cra
482 2848 574 2900 crena
600 2821 672 2919 ipstt
694 2825 853 2919 eripietur.
903 2823 935 2890 si
958 2821 1126 2890 obvertere
1160 2818 1281 2897 velint,
1327 2840 1368 2887 ex
1382 2817 1439 2890 bot
1466 2843 1596 2902 omnm
1625 2821 1783 2891 nimirum
1804 2817 1955 2916 praevidit
1972 2812 2125 2905 fourrer,
2149 2821 2209 2922 qui

397 2929 440 2998 iro
458 2923 630 3018 diversorio
649 2920 986 3015 Emauntitosarrom
1002 2942 1121 2990 tottam
1139 2941 1206 3011 pro
1222 2918 1283 2987 loi-
1324 2914 1500 2994 dicerent,
1540 2941 1658 3013 panem
1688 2913 1840 2990 omnibus
1870 2915 2041 2996 dandum,
2072 2919 2207 3001 calicem

360 3028 449 3097 ‘eir
478 3022 655 3117 iqtiitrttam
684 3019 760 3117 effi,
801 3041 975 3116 urgemur.
1009 3033 1045 3086 ut
1068 3012 1282 3087 substantialia
1321 3017 1490 3100 nonitem.
1540 3014 1750 3091 Bellatminur
1768 3014 1920 3114 confugit
1932 3017 1974 3090 ad
1984 3016 2206 3105 tmdiuonnn.

346 3133 355 3146 ‘
398 3147 501 3196 coenae
517 3114 872 3215 indescriptioneillius
899 3116 1042 3187 convivii
1065 3112 1162 3184 nobit
1178 3114 1284 3186 olien-
1323 3137 1364 3184 ex
1381 3111 1596 3210 quaprobare
1614 3133 1772 3191 conetur,
1799 3114 2205 3195 Cbrillurnetittndixilse:

397 3220 504 3299 dant,
526 3219 617 3317 quod
632 3234 978 3313 nunquampoterunt3
1001 3230 1035 3282 ut
1050 3211 1130 3283 nibil
1142 3210 1283 3284 dieantur
1321 3215 1526 3286 Mondotate
1545 3235 1585 3281 rx
1599 3210 1654 3284 irot
1669 3237 1785 3285 omnes.
1835 3210 1899 3282 Sed
1918 3219 2038 3295 novit,
2069 3244 2141 3315 quar
2162 3218 2206 3294 de

399 3318 449 3390 de
464 3343 527 3397 eo,
548 3316 639 3413 quod
657 3321 806 3387 omnium
826 3314 895 3386 fere
913 3308 1066 3383 consensu
1082 3311 1149 3381 duo
1165 3309 1209 3380 illi
1224 3338 1283 3400 cq-
1323 3308 1549 3380 traditionibus
1566 3328 1652 3381 extra
1673 3307 1868 3410 scripturam
1885 3310 1994 3381 nolite
2016 3313 2057 3386 fir
2079 3313 2207 3391 senten·
2344 3337 2348 3346 '

397 3418 503 3486 uniter
515 3409 632 3488 suerint
645 3440 828 3487 ernutnero
843 3408 1035 3507 septuaginta
1051 3405 1283 3506 discipulorum
1323 3410 1398 3478 tia:
1424 3407 1516 3478 aliter
1542 3409 1641 3505 igitur
1658 3414 1800 3506 excipit,
1834 3407 1985 3479 videlicet
2004 3432 2207 3505 paramum

402 3510 547 3590 curisti,
574 3510 714 3608 ideoque
738 3508 1038 3605 sacerdoteopotiur
1066 3533 1167 3603 quam
1184 3508 1283 3579 laicos
1323 3510 1509 3605 integrum,
1527 3506 1588 3601 sed
1608 3510 1643 3577 in
1662 3507 1847 3602 particular
1865 3504 2041 3601 stadum,
2070 3514 2207 3592 ,calicem

396 3605 632 3710 repraesentasse
654 3636 693 3682 ex
724 3607 896 3708 hypothclt
923 3606 1087 3704 pontificia
1108 3604 1206 3678 essent
1230 3605 1282 3677 di·
1322 3629 1398 3677 vero
1416 3605 1575 3680 unum&
1589 3613 1723 3678 cunum
1737 3604 1884 3702 opificiis
1900 3604 1957 3705 effe
1979 3612 2113 3691 daturo,
2137 3616 2206 3686 ideo

394 3706 508 3783 cendi.
558 3712 678 3808 thua'e
694 3710 933 3805 hacptotervia
949 3706 1010 3791 eil,
1036 3706 1284 3802 negareeucha·
1323 3729 1401 3801 ergo
1419 3705 1579 3801 Christum
1596 3702 1724 3804 dixiffe:
1750 3706 1907 3781 Bibiteex
1926 3704 2138 3791 hocomuer,
2165 3724 2209 3802 ss,

379 3806 496 3897 ‚rissiae
524 3803 616 3880 usum
648 3810 747 3879 etiam
779 3807 864 3879 laicis
891 3809 925 3873 in
947 3805 1052 3875 verbis
1079 3806 1283 3876 institutionis
1322 3804 1511 3904 intelligeret
1530 3806 1681 3897 primur,
1714 3830 1778 3877 non
1801 3817 1907 3877 totum
1923 3807 1989 3906 ſsu·
2013 3809 2205 3886 exhorreo·

398 3929 598 4005 preceptum
615 3901 701 3994 elle,
729 3914 764 3978 δι
779 3932 818 3977 ex
833 3905 910 3975 locis
931 3906 1105 3999 peregrinis
1125 3903 1282 3973 laicorum
1322 3904 1422 3983 dum,
1437 3903 1499 3998 scd
1513 3916 1643 3973 rantum
1662 3905 1929 4000 relinquendum,
1955 3913 2041 4001 quod
2056 3913 2206 3984 omniur

399 4001 668 4080 communionem
704 4000 888 4083 accersere?
922 4002 1063 4071 Chtillur
1091 4001 1134 4072 ibi
1154 4026 1221 4070 non
1241 3999 1282 4072 de
1314 4001 1484 4097 sufficeret.
1534 3997 1628 4098 Resp.
1649 4004 1714 4073 hoc
1729 4006 1826 4100 gratis
1847 4004 1986 4075 dicitur:
2016 4031 2097 4078 num
2116 4013 2208 4084 enim

398 4127 538 4180 munere
550 4093 859 4200 quodamapollolis
873 4103 1031 4198 proprio.
1057 4094 1111 4169 sed
1123 4098 1164 4170 de
1177 4096 1282 4170 sacra-
1323 4102 1405 4172 adeo
1421 4096 1549 4172 vinosos
1561 4100 1772 4190 judicabimus
1789 4103 1969 4199 apostolor.
1996 4126 2032 4175 ut
2052 4105 2208 4202 peculiari

400 4219 515 4276 mento
531 4206 594 4272 toti
613 4200 750 4275 ecclcfiae
773 4203 944 4272 commoni
971 4199 1064 4294 egit,'
1089 4222 1224 4295 queque
1240 4196 1284 4267 ibi
1326 4198 1484 4271 mandato
1506 4196 1686 4270 cavendum
1707 4195 1822 4277 suerit,
1842 4225 1884 4271 ne
1905 4225 1985 4274 unur
2004 4202 2138 4278 calicem
2153 4227 2211 4278 ex·

402 4297 556 4397 apostolic
582 4299 706 4372 locutus
729 4303 798 4378 est,
824 4324 859 4371 ea
886 4320 952 4368 non
974 4318 1011 4364 ut
1031 4296 1203 4392 aposlolir,
1227 4290 1283 4366 sed
1325 4296 1488 4378 hauriret,
1511 4301 1568 4391 qui
1580 4296 1753 4395 duodqcim
1768 4293 1910 4395 personis
1921 4295 2062 4375 sufficere
2075 4305 2210 4400 potuit!
2256 4323 2263 4332 '

401 4414 440 4469 ut
449 4395 625 4471 cbrillianis
639 4397 762 4470 locutus
779 4397 847 4474 ell.
872 4415 907 4467 ut
921 4419 960 4465 ex
974 4393 1189 4467 declaratione
1204 4418 1284 4490 apo·
1326 4394 1470 4467 Cbtiilus
1481 4397 1549 4490 jam
1562 4412 1637 4467 ente
1652 4394 1803 4470 decalice
1818 4396 1889 4491 poll
1902 4395 1987 4471 esum
1998 4406 2070 4497 agni
2078 4398 2212 4499 pasche·

398 4494 515 4568 slolica
545 4519 557 4562 r
579 4500 656 4569 Cot.
673 4498 735 4574 XI.
753 4518 809 4570 23.
829 4494 964 4588 &seqq
991 4489 1057 4565 sole
1079 4492 1192 4563 clarius
1205 4496 1284 4565 c'on·
1326 4491 1366 4563 lis
1378 4491 1550 4566 distributo
1566 4494 1690 4567 dixerat
1704 4496 1779 4566 Luc.
1794 4494 1913 4572 XXII.
1931 4523 1982 4585 ¹7·
2008 4499 2215 4594 Accipite&

371 4592 475 4668 siat.
523 4595 722 4690 stapletonus
732 4601 765 4666 in
781 4612 904 4691 promt.
918 4587 981 4663 fer.
996 4595 1051 4661 111.
1064 4591 1158 4664 hebd.
1170 4588 1284 4663 sanila
1324 4594 1455 4663 dividite
1469 4596 1554 4664 inter
1568 4617 1648 4677 vor;
1674 4591 1762 4664 idem
1773 4595 1807 4661 in
1821 4590 1917 4665 calice
1933 4595 2145 4678 eucharistico
2160 4595 2212 4674 foi
2319 4654 2321 4658 -

397 4690 600 4790 §.adpriust
627 4693 853 4793 Euangelssae
877 4692 1127 4786 modumfoeclrtr
1143 4696 1190 4773 &
1210 4714 1282 4763 noo.
1325 4687 1474 4764 ciendum
1495 4684 1566 4777 effe,
1575 4691 1755 4789 intelligere
1767 4708 1926 4788 poterant.
1973 4690 2143 4793 Quidquid
2157 4696 2211 4783 fit,

400 4791 472 4888 rest.
494 4795 625 4863 ineundi
652 4791 698 4868 δ’
718 4794 905 4887 perficiendi
934 4789 1138 4883 describunt,
1161 4789 1283 4862 Matri.
1325 4815 1361 4865 er
1379 4792 1482 4862 verbis
1508 4789 1628 4864 Chrilli
1655 4789 1819 4862 evidenter
1839 4790 2025 4888 colligitur,
2059 4787 2214 4872 omnibu&

401 4891 556 4970 XXVI.
582 4893 683 4964 Bibite
699 4916 738 4963 ex
756 4893 820 4963 boc
842 4914 966 4961 omnes.
1014 4889 1152 4958 Marcus
1168 4893 1283 4960 addit:
1324 4887 1385 4962 illis
1394 4912 1433 4961 ex
1441 4888 1540 4962 calice
1549 4887 1721 4961 beneditio
1736 4888 1905 4961 bibendum
1914 4883 1999 4970 else,
2015 4898 2072 4989 qui
2080 4893 2122 4966 de
2128 4889 2213 4993 pane

398 4999 442 5068 ,dr
461 4987 613 5062 biberunt
627 5014 716 5061 ereo
734 5012 856 5061 onrnet.
905 4990 996 5083 Jam
1010 4988 1094 5057 enim
1113 4986 1283 5059 iataliio·
1326 4986 1500 5060 beneditio
1528 4992 1563 5062 in
1592 4985 1677 5058 sacra
1703 5011 1794 5058 crena
1824 4989 2042 5086 participant,
2068 4991 2100 5065 id
2119 4983 2212 5091 quod

406 5113 447 5164 ur
474 5091 598 5160 bibendi
622 5087 828 5182 adimpletum
842 5087 917 5181 suit
944 5111 984 5157 ex
1007 5098 1109 5178 porte
1131 5084 1282 5180 apostolo·
1325 5086 1468 5160 instituto
1482 5085 1593 5159 nolito
1610 5081 1756 5164 sufficit.¹
1792 5089 1847 5180 9.)
1872 5085 1925 5160 Ess
1940 5094 1975 5164 dr
1992 5089 2057 5162 boc
2077 5091 2212 5172 Lutberi

2194 5175 2204 5186 a

400 5186 657 5364 ”widi
676 5211 750 5260 rum
768 5181 840 5270 Deo
853 5187 966 5285 ,scut
987 5183 1186 5286 adspeqiopp
1200 5182 1283 5286 fiio:
1323 5207 1581 5357 acg‘qtncntutne
1597 5183 1718 5280 lirdetn
1731 5182 1919 5283 didiutpess:
1932 5191 2213 5362 montefl-
