5375 6209
428 535 511 640 2¹:¹⁰
562 591 565 600 .
933 627 936 635 Α
992 510 994 513 ’
1129 524 1266 636 ¹noct
1292 525 1415 604 xxti.
1439 495 1638 601 canit.

438 713 490 788 elie
508 710 692 807 loquimar,
717 702 818 808 quam
837 702 1073 805 expolitionem
1087 695 1233 786 ¹l‘am'elii
1249 696 1319 778 nia-
1358 707 1536 779 commocio
1565 717 1717 805 aegroto,
1756 708 1850 805 idque
1876 712 1910 779 ire
1920 713 2055 803 privato
2077 710 2147 780 cabi

441 799 556 886 nifelie
578 810 696 913 probat
718 836 748 884 c.
772 808 1046 893 conuenientibus.
1072 829 1102 877 t.
1118 831 1152 906 q.
1169 829 1203 895 7.
1219 833 1258 879 ex
1273 809 1316 879 ll.
1360 804 1616 901 aabadistintiio
1628 806 1733 902 potest
1750 812 1862 879 notari
1873 810 1929 880 loci
1952 824 2010 879 aar
2024 823 2149 901 tempor.

441 906 570 1006 synodo
583 910 738 1006 Nicaena,
762 905 816 978 ubi
826 908 994 982 attaliam
1008 910 1258 982 communionem
1267 931 1318 977 re·
1359 906 1519 978 terlaieor
1532 902 1581 980 ii*
1591 909 1727 978 clericor.
1782 903 1876 1004 Resp.
1892 910 2026 1005 perinde
2042 910 2108 978 hoc
2136 933 2149 979 t

378 1027 382 1034 '
439 1012 523 1104 cipi,
546 1007 594 1083 if
614 1007 890 1104 administratione
916 1003 1111 1106 ercleſsostica
1127 1007 1317 1099 prohiberi,
1362 1000 1569 1078 fidiceretur:
1586 1009 1725 1077 omnino
1736 1010 2078 1079 cotnmunionernnon
2087 1010 2149 1078 reci

360 1191 362 1196 Ι
439 1104 632 1197 sesemutuo
651 1104 822 1206 explicant.
868 1103 1130 1206 Canonapollol.
1142 1104 1222 1192 XV.
1238 1103 1318 1176 facit
1361 1096 1505 1199 perfedle
1523 1104 1663 1175 abdicati
1680 1113 1715 1175 δι
1741 1096 2034 1182 excommunicati,
2063 1130 2149 1177 utne

431 1212 643 1284 ,mentionem
677 1202 919 1282 communionis
948 1199 1057 1277 laicae:
1089 1224 1122 1273 at
1142 1201 1318 1276 concilium
1361 1204 1480 1274 tientes
1505 1204 1639 1300 quidem
1670 1208 1903 1274 communione
1927 1203 2016 1300 digni
2034 1202 2149 1277 censear

372 1340 381 1352 ¹·
442 1298 691 1384 constantiense
718 1298 858 1388 fatetur,
889 1299 1130 1398 apostolice&
1149 1306 1319 1405 primitiva
1362 1325 1461 1394 atque
1488 1307 1533 1372 ita
1550 1306 1637 1374 hunc
1662 1327 1822 1372 canonem
1848 1309 1982 1398 exponit
2009 1303 2149 1377 Balsama

323 1422 329 1428 '
432 1404 576 1492 ecclelia
589 1420 760 1508 utramque
771 1401 907 1502 speciem
920 1406 954 1476 in
962 1396 1018 1471 usu
1035 1395 1147 1478 fuisse,
1165 1407 1320 1478 &omnes
1363 1423 1544 1474 comment.
1566 1400 1664 1500 Qod
1689 1405 1776 1472 enirn
1798 1427 1907 1489 canon,
1924 1401 2119 1474 sardicensis
2139 1429 2149 1472 t

439 1503 487 1582 llll
502 1529 641 1582 canones
660 1501 897 1577 conciliorum.
923 1503 980 1599 qui
1003 1496 1090 1572 laicae
1114 1504 1321 1573 communio·
1363 1522 1403 1567 ee
1415 1499 1527 1594 infime
1541 1506 1666 1597 quidem
1679 1503 1795 1572 laicam
1811 1503 2149 1595 ⁴communionemrecip

443 1610 492 1683 nie
509 1608 709 1680 mentionem
723 1597 871 1681 faciunt,
898 1623 938 1670 eo
958 1617 1105 1695 tempore
1130 1598 1210 1672 editi
1229 1597 1320 1679 sunt,
1363 1596 1398 1668 id
1411 1622 1525 1669 canon.
1538 1603 1576 1668 V.
1599 1598 1725 1671 concilii
1742 1599 1904 1672 ilerdensis
1919 1596 1977 1669 sub
1995 1604 2149 1673 Theodol

295 1716 313 1812 Ἰ
428 1729 510 1806 ¹qno
530 1727 645 1777 omnes
663 1698 957 1796 fidelcsutrarnquc
972 1695 1107 1795 speciem
1125 1693 1249 1775 sumere
1267 1694 1321 1770 so·
1363 1689 1583 1769 sacerdotibus
1599 1698 1639 1768 ad
1654 1699 1801 1770 libidines
1812 1698 2040 1771 revertentibus
2054 1700 2149 1799 loque

431 1802 492 1878 liti
502 1802 593 1884 lunt,
621 1798 710 1874 unde
729 1800 890 1895 Georgius
905 1796 1074 1881 Wicelius,
1085 1793 1223 1896 scriptor
1239 1822 1321 1895 pon·
1364 1797 1523 1890 exponit:
1548 1822 1613 1869 eron
1615 1798 1724 1891 serlum
1744 1802 1903 1896 dignitate
1921 1799 2008 1894 officii
2027 1824 2149 1871 careae.

442 1901 569 1989 tiliclus,
593 1898 708 1976 laicam
737 1897 1005 1986 communionem
1036 1894 1117 1968 nihil
1144 1895 1231 1970 aliud
1260 1893 1321 1967 etse
1350 1896 1459 1964 'ctiam
1471 1894 1624 1988 fiaaaam
1648 1903 1911 1984 continuationem,
1931 1900 1992 1997 affl
2007 1903 2041 1969 ia
2063 1902 2149 1970 exite

441 2004 656 2103 pronunciat,
679 2021 780 2095 quam
795 1996 1321 2092 imtmlcirorcommoaioaemper·
1358 1998 1553 2089 percipiant.
1601 1994 1793 2069 sardicensis
1811 1996 1977 2088 synodusa
1989 1999 2149 2095 patribust

441 2106 566 2202 cipere,
588 2117 656 2174 mom
683 2094 929 2266 odmimpirare,
951 2117 1016 2164 ιιοιι
1029 2094 1207 2188 sttcerdotir
1228 2095 1323 2191 officio
1364 2088 1433 2162 talis
1453 2092 1588 2165 ecclesia
1619 2092 1664 2165 ell
1681 2120 1744 2166 con
1771 2112 1888 2192 regate.
1939 2100 2039 2195 Atqui
2064 2101 2149 2170 inec

433 2202 542 2301 feirgi
553 2252 575 2292 ‚,
592 2198 645 2269 cui
664 2195 788 2295 adllipu
801 2209 896 2263 antur
910 2192 1071 2267 Lindanue
1090 2200 1126 2267 dt
1140 2194 1323 2290 Tapperus.
1366 2192 1513 2263 orientali
1533 2197 1723 2284 communio
1736 2119 1792 2266 lbb
1809 2212 1945 2295 utraque
1963 2189 2066 2293 specie
2081 2193 2124 2265 ad
2138 2222 2149 2265 ι

445 2299 506 2390 4.)
531 2290 681 2392 ldipsum
696 2287 839 2391 agnoscit
852 2293 1022 2370 Batonius,
1035 2295 1091 2390 qui
1105 2287 1322 2362 tonnlannal.
1367 2312 1468 2387 usque
1498 2309 1647 2390 tempora
1672 2292 1838 2387 perdurat:
1870 2287 2048 2391 quomodo
2068 2297 2149 2390 igitu

444 2391 533 2473 anno
549 2416 631 2479 ³14·
647 2388 722 2465 sect.
739 2407 795 2476 ιι.
818 2388 978 2486 explicans
989 2415 1146 2464 canonem
1163 2413 1193 2471 9.
1209 2384 1323 2485 synodi
1367 2394 1639 2462 communionem
1653 2389 1770 2465 laicam
1784 2397 1876 2465 unius
1888 2390 2003 2493 speciei
2022 2394 2094 2464 ulus
2113 2393 2149 2463 in

444 2503 643 2594 Ancyram,
667 2516 688 2565 a
710 2490 880 2590 ministerio
899 2486 1011 2589 caffare
1030 2494 1207 2562 debebant:
1232 2489 1326 2562 addi-
1392 2486 1484 2559 orell?
1537 2489 1598 2579 6.)
1623 2492 1754 2562 Laicam
1777 2496 2045 2563 communionem
2065 2491 2149 2564 srcd

442 2608 503 2673 tear
525 2591 667 2696 (inquit)
682 2595 716 2661 ire
734 2590 876 2683 sectanda
900 2593 1045 2663 editione.
1094 2585 1233 2664 Loiccm
1253 2601 1327 2661 raa·
1368 2510 1415 2658 lit
1428 2586 1660 2669 Bellartninus,
1684 2591 1773 2687 quod
1792 2585 1961 2675 factitata,
1986 2617 2068 2686 qaae
2082 2595 2149 2662 laic.

443 2708 516 2772 tecm
531 2694 713 2787 recipientes
721 2691 990 2766 commuttionem,
1016 2692 1170 2761 mimirum
1183 2712 1326 2759 moneam
1370 2688 1558 2758 mittebatur
1579 2694 1742 2785 tangenda
1758 2688 1804 2762 δ’
1818 2693 1915 2760 etiam
1935 2693 2126 2785 deserenda,

435 2794 545 2892 fhcris
569 2790 722 2891 ministris
738 2789 897 2881 amplios,
912 2786 973 2886 scd
993 2812 1064 2857 eom
1088 2788 1209 2883 popolo
1230 2799 1326 2860 extra
1368 2785 1442 2857 tear.
1492 2786 1565 2854 Sola
1580 2802 1688 2859 actem
1685 2788 1805 2886 specics
1806 2787 1907 2882 panis
1919 2796 2061 2861 dabatur
2073 2778 2149 2862 intel

445 2891 599 2971 cancellar
610 2890 888 2962 communicantes.
907 2923 910 2928 ·
944 2884 1000 2975 ς.)
1023 2882 1232 2958 bellarminus
1247 2889 1326 2956 'con-
1368 2909 1409 2959 cx
1422 2883 1513 2955 calice
1527 2890 1813 2976 ootembibebaert,
1837 2894 1892 2985 qui
1905 2892 2060 2975 uolebant,
2076 2893 2149 2963 inec

445 3009 495 3074 tta
514 2988 599 3060 haec
612 2983 861 3160 explicationem
880 2980 967 3056 laicae
992 2987 1236 3056 communionis
1258 2982 1325 3056 duo
1360 2983 1500 3080 sednon
1516 2985 1625 3058 licebat
1643 2988 1731 3058 laicis
1746 2989 1871 3061 calicem
1891 3000 2044 3085 tongere,
2068 2998 2149 3060 aede

444 3101 634 3184 argumenta
663 3094 792 3157 ormat:
817 3085 924 3179 primo
940 3084 1121 3182 pometiam
1136 3085 1327 3158 dedicaveris
1371 3106 1443 3157 rum
1460 3085 1593 3178 deferre.
1644 3084 1725 3156 Vide
1742 3084 1899 3180 cyrillum
1917 3086 2078 3161 Hierolol.
2098 3094 2149 3158 cat

435 3183 891 3289 mgitrerimt'llltcoetcmibxt,
916 3185 960 3257 ad
976 3204 1055 3282 quos
1073 3182 1326 3278 numquamspe.
1373 3178 1507 3278 tnyllag.
1541 3185 1640 3281 Atqui
1661 3209 1699 3257 ex
1718 3186 1779 3254 hac
1803 3181 2018 3281 descriptione
2046 3183 2128 3257 laice

437 3286 549 3372 flovit
562 3279 783 3384 mtbcrrsst'am
800 3280 959 3382 conficere.
1008 3276 1104 3377 Resp.
1125 3281 1203 3383 quid
1226 3284 1327 3368 tum?
1374 3284 1537 3351 munionis
1553 3280 1742 3380 colligitur,
1761 3288 1872 3379 primo
1885 3285 1976 3380 quod
1990 3284 2149 3359 laiciscon

446 3375 569 3484 suffici}
581 3431 595 3480 ,³
621 3376 710 3480 quod
725 3403 743 3450 a
759 3402 893 3455 munere
916 3375 1128 3451 eccleliallico
1149 3383 1327 3463 remoti&
1374 3384 1408 3450 ἀ
1431 3376 1510 3450 libet
1528 3375 1624 3452 fucrit
1646 3379 1750 3453 calicis
1773 3378 1950 3455 consecrati
1973 3378 2044 3457 usus
2059 3432 2074 3461 ,
2102 3412 2149 3457 ac

446 3484 483 3557 in
520 3463 672 3552 ordinent
698 3474 856 3548 laicorum
884 3471 1178 3575 redadlil'uetint,
1202 3478 1326 3552 etiamli
1374 3472 1504 3548 ecclelia
1521 3480 1670 3552 Romana
1691 3480 1791 3553 hodie
1804 3487 1929 3579 penitus
1946 3501 2120 3556 arcentur:
2147 3528 2149 3554 .

437 3599 539 3653 antea
553 3605 622 3651 non
638 3571 916 3650 consecraverint:
939 3574 1022 3648 adde
1044 3576 1135 3673 quod
1154 3576 1194 3647 ad
1219 3575 1329 3647 diaco·
1376 3578 1466 3671 quod
1478 3576 1555 3649 laica
1575 3584 1767 3651 communio
1789 3607 1891 3675 poenae
1907 3583 1983 3654 loco
2006 3581 2130 3654 clericis

364 3681 366 3687 ’
434 3699 508 3751 ‘nos
521 3682 555 3750 in
571 3679 734 3774 primitiva
751 3671 881 3744 ecclefia
897 3673 1002 3745 calicis
1024 3674 1205 3746 distributio
1229 3681 1327 3749 etiam
1377 3673 1434 3744 lita
1450 3702 1515 3746 non
1534 3675 1630 3773 possit
1644 3681 1686 3750 de
1698 3676 1872 3753 netellario
1888 3687 1980 3753 unius
1998 3698 2126 3752 tantum
2145 3698 2149 3754 l

438 3770 662 3878 pertimuit,
703 3797 739 3843 ut
759 3770 943 3870 intelligitur
966 3799 1002 3845 ex
1029 3772 1113 3872 apol.
1138 3774 1328 3860 lelutlini.
1377 3768 1433 3843 usu
1450 3774 1595 3874 intelligi.
1646 3781 1775 3851 Etenim
1798 3780 1906 3850 sthaec
1927 3780 1972 3850 cll
1990 3805 2149 3853 commun

437 3873 608 3971 ¹Alterum,
622 3870 714 3968 quod
740 3867 949 3946 Bellarminus
974 3876 1090 3971 urget,
1126 3878 1264 3970 petitum
1284 3872 1329 3944 est
1357 3897 1436 3953 ca,
1462 3875 1551 3973 quod
1565 3876 1635 3946 laici
1651 3903 1690 3947 ex
1705 3876 1804 3949 calice
1820 3879 2001 3961 bibebant,
2027 3882 2083 3979 qui
2094 3884 2149 3955 vol

448 4001 486 4050 ex
499 3997 621 4047 anone
635 3968 814 4046 sardicensi
830 3972 868 4040 ll.
883 3973 937 4043 ubi
951 3975 989 4043 olr
1013 3977 1149 4045 arietina
1171 3979 1328 4070 quaedem
1378 3972 1550 4068 quomodo
1570 4000 1626 4071 per
1639 3976 1756 4046 laicam
1773 3984 2042 4053 conrintinioncm
2056 3978 2149 4055 cleric

444 4077 607 4175 graviore
626 4097 665 4142 ere
690 4075 725 4142 ιἰι
751 4081 853 4139 morte
884 4074 1010 4167 quidem
1037 4074 1119 4144 laica
1153 4075 1330 4144 communio
1378 4068 1438 4144 lice
1451 4066 1583 4145 fuerunt
1596 4076 1774 4172 prohibiti?

448 4176 640 4272 ςιὶῠιιιᾰιιιι
676 4172 870 4242 concedenda
895 4173 1039 4245 dicitur:
1063 4187 1101 4245 at
1126 4196 1198 4244 cam
1230 4177 1331 4244 datar

555 4447 716 4513 Vtiliter.
728 4448 762 4508 V.
784 4446 897 4509 GRBG
907 4461 997 4510 0311
1010 4448 1057 4510 M.
1063 4450 1122 4532 fal.
1140 4472 1202 4530 743.
1210 4452 1332 4535 sequen·
1483 4470 1603 4535 quoque
1614 4450 1841 4517 heicmerentur
1857 4456 2062 4525 Ismarius
2086 4463 2142 4526 Hx

554 4535 595 4599 tie
609 4533 812 4596 adnotarunt:
833 4536 982 4591 communio
996 4530 1062 4590 laica
1082 4533 1238 4594 raiilaliad
1254 4537 1330 4613 ficit,
1481 4548 1587 4595 retus
1606 4535 1733 4599 Alter.
1749 4549 1802 4597 De
1817 4538 2078 4605 Gttevettsort
2096 4563 2149 4606 rem

550 4634 632 4695 qaam
649 4614 775 4674 clericam
791 4616 847 4670 iam
871 4628 926 4669 ecca
947 4611 1058 4680 tatere,
1079 4610 1133 4692 nist
1160 4632 1192 4674 rer
1216 4614 1330 4683 laicam,
1473 4618 1546 4695 star.
1564 4612 1695 4692 ecclefiall.
1718 4636 1747 4696 p.
1769 4639 1834 4695 445.
1852 4619 1885 4681 ἃ
1905 4627 2082 4701 cumprimis
2099 4627 2149 4702 Jo

553 4715 667 4775 eamque
684 4697 721 4754 ad
747 4694 879 4752 laicorum
893 4694 1028 4768 gruum,
1050 4698 1224 4775 scarensem,
1254 4701 1332 4755 iara-
1480 4697 1756 4765 BlethtaMUs,
1777 4701 1810 4758 in
1828 4698 1906 4759 libro
1924 4705 2040 4781 anglico
2054 4706 2149 4770 sermo

551 4793 604 4855 qtae
617 4773 729 4833 revolvi.
770 4769 818 4832 Ex
831 4766 995 4852 qxcfiebcr,
1015 4792 1049 4834 ιιι
1059 4780 1104 4837 cxi
1115 4774 1250 4834 clericam
1262 4795 1332 4835 cam·
1481 4794 1529 4846 to,
1548 4776 1600 4835 sub
1625 4777 1731 4838 titulo:
1768 4776 1886 4853 scholast.
1902 4780 2007 4857 history
2029 4787 2149 4863 afLayt

551 4857 645 4920 martio
656 4856 763 4936 quedem
776 4852 844 4913 tatae
860 4848 1078 4932 relinqueretur,
1095 4864 1119 4917 ir
1137 4875 1191 4915 eron
1206 4858 1283 4915 modo
1297 4857 1332 4916 ab
1479 4874 1557 4937 perr.
1576 4856 1618 4914 ΙΙ.
1633 4855 1709 4937 chop.
1723 4858 1774 4918 IV.
1797 4860 1929 4940 itemque
1953 4864 1985 4922 in
2001 4871 2103 4947 origin.
2113 4868 2149 4948 st*

552 4938 641 5023 efficio
652 4930 783 5017 cepostras
792 4929 941 4992 baberetur
948 4973 958 5001 ,
970 4932 1025 5015 scd
1033 4936 1330 5000 &excommunicatam
1481 4943 1553 5015 quir.
1567 4933 1700 5015 ecclrficst.
1714 4937 1779 4999 latr.
1789 4938 1888 5003 tht.
1903 4960 1959 5024 cap.
1972 4944 2013 5007 11.
2027 4946 2107 5023 Ml.
2119 4973 2149 5012 vc

557 5021 610 5082 Ceti
627 5035 717 5078 etatem
739 5014 888 5073 communio
905 5008 1001 5088 saleim
1021 5018 1088 5078 lcica
1108 5018 1330 5096 retirsqeereear,
1479 5033 1509 5096 p.
1523 5038 1559 5079 te.
1567 5016 1643 5100 seqq.

528 5095 720 5209 'desolamini
734 5096 821 5180 affirm
835 5088 968 5174 depciexs
986 5096 1150 5179 censeretur·
1191 5094 1331 5159 Conserri
1707 5113 1712 5123 ·
