5375 6209
505 621 509 630 .
758 549 979 635 natiue
1004 542 1327 640 tratactu
1365 539 1547 618 stetu
1581 504 1772 621 corita
2091 561 2166 660 3⁶,

361 761 435 812 tum
452 739 571 835 recipi,
589 741 630 808 bt
646 713 853 833 peccatorum
875 730 1093 828 temitlionem
1117 750 1176 826 per
1200 723 1245 796 fi·
1262 724 1347 812 .6.)
1372 724 1456 823 Quia
1474 748 1551 798 cum
1567 728 1651 800 nuda
1672 725 1838 804 divinitate
1867 728 1901 806 in
1925 730 1986 805 hac
2007 737 2167 832 pectatri·
2275 755 2285 836 j

304 817 310 870 T
361 838 442 909 dem
461 832 638 930 consequi,
664 830 795 903 eumad
815 830 974 902 beneficia
989 825 1246 902 nautaticum-
1284 824 1329 891 cis
1344 828 1448 895 earnis
1469 824 1696 899 infirmitate&
1708 830 1906 905 mortalitate
1919 857 1986 905 non
2000 830 2164 930 pothino·

363 937 480 1032 primia
507 935 608 1003 etiam
642 931 710 1000 haec
739 928 910 1024 promillio
943 930 1119 1023 pertineat,
1153 921 1244 1020 quod
1284 942 1398 1015 egere,
1423 919 1531 1006 sumus,
1553 929 1640 996 enim
1666 923 1707 995 ad
1739 951 1812 1000 eam
1846 934 2050 1026 comparati,
2082 932 2163 1008 ficut

361 1038 455 1121 Deua
467 1045 673 1124 peecatorum
695 1027 877 1119 nostrorum
898 1027 1020 1125 uouſst
1035 1032 1069 1098 iu
1080 1022 1243 1119 pollutum
1286 1015 1406 1111 stipulat
1425 1018 1466 1090 ad
1488 1025 1616 1117 igncm3
1637 1025 1740 1097 Dent.
1757 1028 1814 1098 lV.
1834 1031 2163 1113 24.Hebr.x11.29.

361 1135 614 1207 recordaturus,
639 1130 701 1208 let.
714 1124 847 1201 XXXI·
867 1147 924 1203 34.
962 1126 1043 1196 Hace
1063 1118 1242 1194 cohsolatio
1285 1115 1361 1188 ideo
1385 1117 1529 1191 Christus
1551 1146 1681 1193 carnem
1697 1120 1741 1193 de
1759 1147 1855 1197 carne
1878 1127 1985 1207 nossra
2002 1136 2036 1203 δι
2062 1156 2099 1202 oa
2123 1155 2164 1208 ex

359 1230 560 1326 proponitur
580 1227 614 1294 in
643 1221 702 1293 illis
725 1226 830 1294 verbis
851 1223 1084 1313 institutionis,
1109 1216 1241 1319 quando
1286 1213 1402 1287 offibus
1416 1218 1557 1298 nostris,
1583 1220 1647 1290 hoc
1663 1219 1727 1296 est,
1754 1244 1864 1294 vetatn
1874 1225 2050 1299 humanam
2069 1254 2163 1303 natu·

360 1323 510 1403 Chtillus
524 1320 619 1393 dicit:
644 1323 772 1402 Bibite,
796 1321 852 1392 hoc
868 1320 1057 1417 estfituguis
1076 1343 1152 1392 nou.
1173 1312 1243 1412 test.
1286 1336 1356 1385 tam
1380 1315 1496 1388 notha
1513 1322 1600 1388 carni
1624 1310 1784 1394 &untiaret
1811 1318 1991 1400 adsumsit,
2016 1327 2098 1421 Eph.
2114 1330 2159 1407 V,

362 1426 413 1495 hit
443 1423 528 1496 calix
556 1418 597 1516 est
622 1424 698 1491 noui
712 1421 896 1513 testamenti
924 1423 959 1489 iu
982 1444 1048 1491 mea
1062 1420 1241 1517 sanguiue.
1287 1432 1346 1486 30.
1371 1430 1406 1483 ut
1424 1417 1457 1485 in
1477 1438 1514 1486 ea
1529 1441 1566 1486 ac
1581 1441 1640 1512 per
1656 1442 1728 1489 eam
1752 1419 1938 1506 mediatoris
1958 1416 2069 1493 officio
2084 1420 2166 1495 fun..

361 1522 541 1620 Proprium
564 1516 608 1588 ell
633 1522 783 1589 omnium
819 1510 1008 1597 foederum,
1039 1538 1075 1587 ut
1106 1535 1242 1611 utraque
1282 1534 1385 1608 gens,
1408 1506 1465 1582 sub
1492 1538 1592 1585 unum
1614 1530 1712 1611 caput
1737 1517 1895 1615 redigeret
1923 1521 2053 1609 omnia,
2084 1545 2157 1616 quae

358 1644 439 1718 pars
456 1613 761 1689 confoderatorum
777 1614 818 1687 de
841 1615 957 1685 eadem
988 1618 1119 1687 vidlima
1140 1612 1240 1685 foede-
1282 1608 1400 1679 suntin
1418 1607 1502 1683 coelo
1518 1619 1553 1686 &
1565 1608 1661 1709 super
1675 1637 1804 1687 terram.
1854 1617 1939 1718 Quia
1954 1642 2032 1689 veto
2054 1618 2157 1697 Chri·

358 1715 419 1790 teli
439 1716 620 1813 participet.
669 1714 722 1782 Sic
745 1714 922 1785 dimidium
946 1707 1104 1810 sanguinis
1136 1707 1240 1782 fade·
1282 1708 1344 1779 slus
1366 1706 1530 1781 adscendit
1557 1708 1750 1793 incolum,
1773 1739 1896 1808 nosque
1914 1716 1991 1789 inde
2013 1723 2157 1814 cogitato

358 1816 434 1890 ralia
452 1810 543 1909 super
556 1812 655 1884 altato
670 1806 810 1924 effusum
832 1813 905 1880 Deo
918 1806 1138 1887 offerebatur,
1164 1806 1238 1878 alte·
1278 1803 1463 1903 pollumue,
1490 1831 1565 1880 cum
1579 1810 1664 1883 nuda
1681 1808 1847 1884 divinitate
1868 1813 1962 1885 nobis
1978 1815 2155 1910 agendum,
2222 1887 2224 1894 ,
2265 1837 2267 1842 ·

358 1937 437 1986 rom
453 1906 630 1982 dimidium
655 1911 770 1982 crateri
797 1907 1015 1987 inferebatur,
1043 1910 1081 1983 δι
1100 1903 1238 2005 populus
1277 1926 1401 2002 noeque
1419 1900 1602 2003 stipulatum
1616 1908 1713 1980 inflat
1726 1908 1766 1978 ab
1784 1935 1820 1981 ea
1835 1910 2071 1986 consumendos
2079 1914 2177 2004 elle„

357 2009 477 2085 ωδεω
501 2003 771 2102 anspergebatut3
804 2005 906 2080 Exod.
932 2006 1068 2085 XXIV.
1084 2031 1124 2076 ex
1140 2028 1243 2076 carne
1277 2000 1352 2074 ideo
1376 2001 1523 2075 chrissus
1542 2001 1602 2076 suo
1621 2030 1765 2102 corpore
1786 2016 1821 2081 &
1842 2002 1991 2104 sanguine
2008 2008 2152 2084 infacta

323 2167 328 2174 .
357 2111 569 2180 victimarum
589 2104 833 2175 instituebantur
848 2102 991 2176 solennes
1000 2105 1111 2202 epulae.
1138 2104 1238 2175 Chri-
1276 2125 1368 2173 rtem
1382 2124 1443 2170 nos
1462 2096 1580 2198 pascit,
1607 2103 1672 2173 hoc
1685 2096 1754 2200 ipso
1767 2104 2151 2206 contollamadsumtaur

328 2207 332 2218 '
355 2205 423 2280 ilus
451 2207 549 2302 igitur
569 2208 654 2273 inter
676 2203 781 2271 Deutn
804 2207 838 2275 dr
862 2227 921 2272 nos
946 2197 1051 2272 foedus
1077 2204 1236 2288 sancient,
1277 2196 1373 2294 iplius
1393 2221 1524 2271 carnem
1541 2195 1604 2273 elle
1626 2203 1740 2273 uolitat
1767 2228 1843 2275 cum
1866 2203 1942 2276 Deo
1965 2210 2150 2283 unionis&

353 2329 477 2403 norpue
491 2297 722 2398 &sanguinem
738 2296 830 2369 suum
848 2323 917 2368 non
932 2298 1036 2369 solum
1054 2303 1129 2372 Deo
1152 2297 1235 2368 Patri
1274 2296 1514 2388 conjunctionis
1540 2297 1706 2376 medium,
1748 2326 1839 2373 nemo
1876 2308 1959 2376 euim
1983 2309 2070 2376 veuit
2105 2305 2151 2379 ad

352 2406 389 2473 in
405 2427 461 2474 ata
478 2404 583 2470 crucis
600 2396 737 2476 obtulit,
762 2393 814 2467 sed
831 2400 927 2464 etiam
944 2398 977 2465 in
994 2422 1084 2468 coena
1098 2399 1235 2467 mandu·
1274 2396 1412 2466 Patrem
1426 2398 1558 2494 aistpur
1578 2394 1705 2490 ipsum,
1731 2399 1805 2483 Joh.
1822 2393 1922 2477 XIV.
1939 2410 1974 2476 6.
2000 2393 2042 2474 ur'
2051 2404 2152 2476 Chri·
2273 2463 2276 2470 .

355 2501 499 2574 candum
515 2523 554 2566 at
566 2494 743 2568 bibendum
764 2493 857 2564 nobis
873 2492 1012 2591 praebet,
1037 2512 1071 2564 ut
1086 2494 1127 2566 dc
1146 2517 1233 2567 tece-
1273 2493 1309 2562 sti
1330 2494 1513 2564 humanitas
1528 2492 1566 2565 fit
1582 2493 1678 2565 nobis
1695 2498 1743 2564 via
1760 2502 1794 2567 tit
1808 2495 2012 2593 ingtelluaad
2029 2501 2148 2573 divini·
2180 2525 2182 2530 ·

352 2605 470 2699 ptione
500 2599 533 2664 in
560 2592 666 2665 foedus
693 2590 771 2662 illud
802 2600 912 2687 gratiae
946 2597 1023 2665 certi
1048 2590 1232 2663 reddamur.
1271 2606 1382 2663 tatem.
1435 2596 1517 2663 Haec
1538 2591 1716 2666 consolatio
1739 2591 1861 2667 ibidem
1890 2599 2083 2691 proponitur
2113 2605 2146 2675 in

351 2692 642 2798 Quemadmodum
666 2697 762 2760 etiam
780 2693 885 2761 homo
900 2688 1028 2760 liberio
1043 2693 1232 2762 testamento
1271 2685 1330 2757 illie
1350 2686 1455 2759 verbis
1477 2690 1702 2770 institutionis,
1726 2692 1859 2789 quando
1881 2691 2026 2766 Chrillua
2042 2695 2146 2774 dicite

351 2796 479 2869 servum
501 2789 661 2861 haeredem
684 2788 773 2860 suum
798 2788 963 2859 inllitueos
988 2788 1132 2860 libertate
1153 2811 1230 2856 eum
1269 2787 1494 2866 Mandueate,
1519 2787 1636 2882 heresi
1659 2814 1775 2882 corpur
1797 2814 1922 2869 meum,
1946 2793 2056 2880 bibite,
2089 2798 2146 2871 hoe
2234 2885 2236 2892 Ι

349 2893 479 2966 donat,
504 2905 542 2958 ut
559 2887 597 2959 stt
608 2913 706 2983 capax
719 2885 931 2974 haereditatis,
958 2885 998 2956 stc
1014 2886 1157 2957 Chtillus
1173 2905 1231 2977 pet
1270 2884 1311 2978 esi
1314 2885 1459 2980 sataguit
1475 2884 1574 2959 muts.
1623 2886 1689 2977 7.)
1713 2886 2062 2987 Qiafidesnollrain
2083 2894 2145 2969 hac

307 2981 319 3044 ἕ
349 2981 752 3062 hoctunmteuanentun
769 2991 899 3078 ejusque
912 2983 1160 3078 adplicationem
1171 3004 1230 3073 per
1268 2985 1371 3052 carnit
1399 2982 1616 3055 imbecillitate
1644 2979 1755 3083 sapius
1783 2984 1986 3067 infirmatur,
2017 3013 2143 3089 nosque
2172 3009 2196 3032 ⁶

351 3084 600 3159 iidemhaetedet
619 3079 1028 3164 luosaservitutepeecati,
1053 3086 1107 3150 ita
1120 3083 1229 3151 Deiac
1271 3077 1390 3150 Chtilli
1407 3086 1440 3151 dr
1457 3078 1687 3152 beneficiorum
1707 3080 1806 3178 ipfiut
1831 3077 1930 3157 facile
1952 3087 2039 3182 capit
2059 3089 2144 3161 obli·

350 3179 467 3257 mortis
481 3205 604 3252 aeterna
626 3180 746 3260 liberat.
773 3182 842 3266 Joh.
863 3180 965 3256 Vlll.
989 3189 1046 3253 36.
1075 3183 1110 3249 Si
1125 3180 1228 3251 Filius
1268 3183 1343 3263 vi03
1371 3176 1602 3250 ideoChrissus
1621 3181 1686 3250 hoc
1706 3180 1941 3253 sacramentum
1968 3187 2001 3253 in
2025 3183 2071 3258 lui
2100 3183 2143 3266 α’·

350 3307 410 3356 uos
431 3284 631 3368 liberaverit,
657 3304 729 3349 uere
745 3280 833 3349 liberi
860 3283 959 3352 eritis.
1015 3277 1073 3369 5.)
1099 3274 1148 3348 Ut
1171 3278 1228 3346 be·
1268 3279 1427 3372 ts'utpuu
1442 3284 1476 3348 δι
1490 3279 1842 3347 commemorationem
1855 3277 2018 3353 instituere
2027 3284 2142 3373 voluit,

349 3378 545 3454 neficiotum
573 3396 680 3448 morte
701 3375 822 3447 Chrissi
856 3395 1024 3471 partorum
1052 3376 1226 3448 reddamur
1267 3397 1302 3443 ut
1316 3398 1375 3470 per
1390 3377 1718 3446 communicationem
1740 3370 1787 3445 sul
1800 3381 1948 3472 eorporis
1964 3384 1999 3449 dt
2017 3375 2142 3481 sangui.

349 3478 545 3576 participet,
573 3498 648 3543 vera
664 3482 698 3546 &
722 3474 815 3544 firma
832 3472 898 3545 lide
925 3500 960 3545 ea
986 3473 1226 3570 adprehendere
1266 3473 1316 3543 nir
1332 3475 1437 3542 vivam
1453 3469 1542 3541 illam
1557 3476 1592 3543 bt
1608 3468 1770 3542 efficacem
1781 3477 1897 3545 mortis
1911 3469 1972 3544 suae
1989 3481 2141 3552 recorda·

349 3596 506 3674 oportet,
532 3567 586 3642 ted
601 3575 676 3652 auia
715 3574 813 3641 eccati
832 3595 931 3643 onero
948 3581 984 3646 δε
1006 3571 1224 3642 carnislinfir·
1265 3571 1390 3641 tionem
1411 3572 1444 3637 in
1460 3567 1553 3638 nobis
1575 3568 1745 3666 operando
1759 3567 1860 3642 fidem
1880 3573 2026 3646 nossritm
2042 3601 2140 3675 auge.

348 3679 463 3748 mitate
478 3667 572 3766 prelh
590 3685 630 3740 ao
655 3597 758 3742 tillim
774 3675 806 3737 in
825 3667 938 3741 coelum
948 3665 1141 3742 adscendere
1157 3692 1224 3740 non
1266 3672 1363 3740 ret&
1385 3666 1612 3754 confirmarem
1638 3691 1709 3763 qua
1726 3670 1812 3741 enim
1834 3672 1940 3767 potuit
1960 3666 2023 3745 effe
2035 3680 2138 3775 magia

345 3765 531 3867 possumus,
557 3791 617 3838 nec
639 3747 795 3842 tdrlellem‘
814 3764 911 3861 iplius
923 3769 1062 3865 gloriam
1077 3790 1114 3838 ac
1133 3766 1224 3838 clati·
1264 3767 1335 3834 viva
1351 3771 1383 3836 dt
1405 3763 1515 3836 efficax
1531 3767 1644 3837 mortis
1664 3764 1782 3854 Christi
1801 3769 2011 3850 recordatio,
2037 3798 2146 3869 quam¹
2213 3798 2218 3801 ·

344 3885 445 3939 tatem
464 3865 572 3941 ferre,
600 3865 672 3935 ideo
689 3862 754 3959 ipl'o
769 3869 808 3936 ad
823 3887 883 3932 nos
901 3864 1113 3951 descendit&
1128 3868 1161 3936 in
1178 3865 1221 3938 sa·
1238 3874 1247 3891 ’
1262 3886 1322 3938 ea,
1353 3888 1423 3957 qua
1437 3864 1589 3961 κοινωνίᾳ
1612 3866 1761 3962 corporis
1784 3870 1818 3936 in
1835 3885 1974 3942 mortem
1993 3895 2053 3966 pto
2076 3900 2138 3945 no·
2283 3908 2285 3911 ·

343 3989 402 4039 cru
418 3987 639 4059 conacotpus
659 3958 751 4032 suum
768 3960 1032 4033 manducandum
1046 3969 1080 4036 dt
1095 3960 1222 4061 sangui·
1262 3961 1309 4030 bis
1327 3963 1434 4032 traditi
1455 3971 1489 4036 ἀ
1507 3960 1736 4060 sanguinitpto
1756 3965 1850 4036 nobis
1871 3961 1963 4038 effusi
1986 3974 2019 4039 in
2044 3974 2137 4047 nobit

311 4101 317 4109 ·
341 4089 423 4136 nent
448 4059 540 4136 luum
561 4061 735 4131 bibendum
754 4058 909 4136 exhibet,
936 4060 1037 4154 idque'
1055 4061 1223 4132 medianti·
1260 4056 1417 4131 efficitur?
1444 4065 1509 4132 llic
1526 4062 1599 4132 finis
1619 4060 1808 4132 sacramenti
1832 4064 2031 4136 eucharistici
2059 4093 2135 4164 pro.

340 4161 405 4234 bus
419 4166 554 4233 externis
566 4155 719 4253 symbolis
734 4161 822 4254 panis
847 4180 884 4225 ac
913 4161 1003 4233 vini,
1030 4174 1065 4226 ut
1094 4159 1154 4229 hac
1172 4184 1220 4231 ra·
1259 4160 1434 4254 poniturin
1454 4158 1512 4232 illis
1524 4156 1870 4237 verbisinllitutionis,
1898 4143 2137 4261 q‘ttattdoChtl·

341 4260 438 4331 tione
461 4260 524 4351 ipse
547 4284 606 4328 nos
630 4256 898 4350 ettaetpreheudat,
933 4255 1046 4350 Philip.
1073 4255 1135 4332 III.
1168 4282 1218 4327 ra.
1259 4258 1321 4326 stus
1336 4255 1433 4325 dicit:
1458 4261 1530 4329 Hor
1536 4259 1641 4352 satite
1656 4261 1689 4328 iu
1710 4263 2134 4348 uteicommemaratiouem,

339 4382 447 4453 neque
462 4379 619 4452 cogamur
630 4351 756 4424 dicero:
784 4355 866 4445 Quis
880 4353 1042 4447 adscendet
1051 4353 1217 4426 inceium?
1257 4354 1337 4422 huo
1361 4353 1477 4431 XXII.
1508 4377 1559 4433 19.
1602 4355 1691 4454 quod
1725 4356 1885 4453 apossolus
1923 4355 1966 4427 stc
1998 4367 2132 4458 exponit

337 4457 446 4527 Rom.
463 4451 507 4526 X.
525 4462 555 4521 6.
578 4449 631 4522 sed
647 4459 722 4523 certi
737 4448 856 4525 sunus,
885 4451 986 4548 ipsum
1001 4457 1033 4520 in
1048 4446 1135 4528 secra
1154 4479 1217 4534 coe·
1262 4453 1444 4530 acontii.
1462 4463 1518 4523 26.
1542 4456 1798 4551 Quotiescunque
1811 4459 2040 4528 manducabitis
2048 4460 2132 4534 tane

340 4577 385 4624 ua
406 4551 500 4622 nobis
517 4547 702 4647 prasentem
726 4542 857 4623 adello,
882 4572 978 4645 atque
989 4553 1022 4620 in
1040 4574 1103 4617 eae
1122 4539 1217 4622 ndbia
1247 4575 1396 4643 punctu,
1422 4552 1726 4628 &titubata
1749 4554 1865 4632 talita,
1891 4569 2024 4626 mortem
2053 4559 2131 4631 Do-
2169 4565 2185 4617 i

338 4653 476 4721 inveniri
491 4655 525 4719 &
548 4646 758 4741 adprehendi.
813 4642 1214 4728 Hactonsolatioitidem
1251 4652 1331 4719 mitti
1361 4652 1623 4729 adnuntiabitis,
1648 4655 1743 4722 donet
1772 4651 1893 4730 ueniat.
1942 4650 2070 4728 Basilius
2091 4662 2127 4732 in

335 4748 535 4846 proponitur
552 4749 583 4812 in
608 4741 668 4813 illia
694 4742 800 4814 verbio
828 4742 1050 4823 institutionis,
1082 4744 1216 4841 quando
1252 4742 1394 4819 asceticis
1408 4748 1501 4821 dicit:
1514 4746 1755 4846 propriumeffe
1770 4772 1902 4834 torua»,
1925 4751 2128 4846 q'uisumuat

336 4845 485 4915 Chtillua
516 4842 618 4911 dicit:
652 4842 819 4933 Accipite,
841 4849 1064 4921 manducate,
1096 4842 1213 4940 totest
1250 4846 1494 4940 tutharssiam,
1519 4863 1557 4918 ut
1582 4843 1767 4918 memoriam
1790 4851 1974 4918 continuam
1995 4851 2128 4945 ferum

332 4957 454 5034 corpus
482 4966 617 5015 atreum,
659 4943 768 5024 bibite,
806 4938 861 5010 hot
881 4942 922 5035 est
933 4942 1089 5040 fhuguie·
1110 4968 1225 5015 meus..
1250 4945 1339 5043 ejus,
1364 4945 1852 5043 puiproaobismortuustst&
1860 4947 2125 5047 reſsurrexitp),

1953 5047 2016 5138 a.)
2038 5051 2125 5150 Qia

371 5158 449 5245 (tt)
468 5158 584 5239 Haymo
597 5157 631 5222 in
645 5176 756 5221 comm.
785 5159 886 5225 tCor.
899 5159 951 5226 xt.
976 5155 1094 5236 soibu-
1118 5153 1212 5223 utta·
1346 5179 1430 5241 quetis
1440 5132 2123 5256 lloniuutbocsattuatutunseluufituntauut·
2190 5195 2195 5203 ·

1032 5329 1037 5370 ¹
2073 5255 2124 5323 but

2286 5067 2322 5112 Q
