5375 6209
865 399 920 486 T
1022 403 1485 506 eruerer-ro
1598 503 1606 524 ,
1718 463 1722 470 ·
1886 469 1890 476 -

350 629 508 747 senate
540 657 644 730 non
683 646 787 725 tam
823 620 1139 762 AEgyptiacv,
1189 641 1344 760 quam
1373 609 1796 758 rlinusoboiram
1838 618 2050 768 quaestio
2059 665 2070 690 ··
2088 626 2169 738 in·

351 787 574 896 situatur
591 850 617 898 „
670 801 858 916 agnum
907 759 1183 911 paschalem
1234 756 1328 867 alia
1373 794 1523 911 atque
1559 769 1654 874 alia
1688 776 1880 892 rarione¹
1917 777 1977 880 &
2012 766 2164 884 sacra

333 957 580 1058 ‘mentum
616 909 786 1042 fuisse,
816 919 877 1024 &
913 904 1059 1020 slmui
1092 908 1201 1022 veri
1221 909 1438 1017 nominis
1458 908 1795 1051 sacrificium,
1828 917 1947 1026 licet
1972 919 2030 1024 in
2050 925 2167 1070 qui·
2312 1031 2315 1036 ,

349 1076 564 1191 busdam
588 1064 806 1217 partibus
826 1059 893 1171 ab
920 1054 1089 1170 indole
1116 1051 1469 1236 sacripciorum
1488 1059 1744 1180 recesserit.
1915 1061 1922 1076 ’

490 1421 755 1538 Absolutis
790 1425 889 1553 iis,
923 1458 1036 1572 quae
1070 1418 1136 1530 de
1156 1416 1339 1528 veteris
1372 1417 1652 1530 testamenti
1664 1417 1997 1535 ³facramentis
2027 1457 2169 1539 erant
2316 1431 2325 1440 ’

350 1579 589 1702 dicenda,
623 1574 688 1683 ad
724 1572 1071 1683 tranationem
1106 1566 1170 1674 de
1207 1565 1517 1675 sacramentis
1547 1571 1608 1694 ¹in
1636 1609 1773 1681 novo
1808 1573 2105 1681 testamento
2136 1615 2172 1683 a

348 1728 555 1838 Christo
593 1722 823 1828 institutis
862 1715 1176 1866 progreditur
1212 1711 1621 1825 GERHARDUS
1650 1719 1854 1845 noster,
1896 1727 1957 1831 &
1999 1708 2217 1869 primo.)

348 1876 553 2023 quidem
598 1869 714 1976 loco
746 1868 808 1975 de
841 1865 1072 2008 baptismo
1102 1860 1387 1972 adcuratarn
1423 1864 1774 2015 copiosrmque
1815 1868 2029 1978 instituit
2064 1903 2166 1979 tra-
2266 1965 2269 1970 .

361 2026 638 2130 stationem.
1131 2039 1133 2044 ’
1778 2061 1783 2066 ·
2085 2083 2088 2090 ·

504 2381 657 2488 Licet
693 2412 820 2486 vero
849 2372 1035 2523 prorsus
1064 2374 1268 2629 espregia
1306 2371 1536 2524 lestuque
1556 2370 1845 2528 'dignissima
1883 2372 1978 2486 sint
2001 2413 2168 2531 ‚que

354 2532 409 2638 de
431 2558 736 2677 argumento
752 2525 909 2629 hocce
937 2524 1077 2673 gravi
1115 2561 1221 2629 rnro
1249 2519 1374 2628 olim
1398 2529 1859 2656 commentatusest
1880 2529 1961 2634 vir
1989 2527 2054 2633 de
2082 2526 2169 2632 do-

355 2681 515 2783 iirina
547 2676 764 2779 saniiiori
797 2671 1025 2818 praeclare
1069 2672 1304 2782 meriture
1350 2676 1399 2774 in
1433 2672 1927 2796 adcuratioristanren
1964 2707 2168 2795 eorum,

358 2861 470 2969 quae
499 2822 628 2926 hanc
659 2822 711 2927 in·
745 2855 851 2924 rem
890 2814 1072 2963 scripfit
1098 2816 1536 2951 GERHARDUS,
1572 2815 1874 2967 perieoiione
1904 2814 2048 2926 facile
2075 2818 2167 2925 de·

355 2968 743 3222 prehendimus,
780 2957 871 3070 esse
905 2960 1164 3092 nonnulla,
1190 2975 1308 3108 ¹¹quae
1342 2963 1424 3071 vel
1464 2971 1606 3113 piane
1649 2969 2051 3112 praetermiserit„
2080 2961 2173 3075 vel·

369 3121 528 3226 evitet
549 3116 744 3223 tanturn
767 3112 1104 3261 perstrinxerit
1125 3107 1471 3218 laudatissimus
1491 3118 1583 3226 vir.
1654 3114 2080 3259 Experiebamur,
2102 3150 2180 3220 ex·

361 3300 474 3372 vero
502 3263 629 3369 olim
662 3257 992 3409 pronunciasse
1028 3256 1384 3365 SENECAM:
1423 3266 1641 3371 Multum
1664 3289 1899 3405 egerunt,
1947 3271 2170 3401 quiante
2272 3271 2277 3276 ’

362 3449 433 3521 ros
440 3413 692 3553 suerum,
716 3410 809 3549 sed
824 3444 932 3538 „non
942 3428 1255 3548 peregerrmt:
1291 3412 1488 3516 multum
1507 3413 1658 3518 adhuc
1672 3415 1822 3551 restat
1842 3419 2018 3549 operis,
2056 3412 2169 3518 mus

362 3583 545 3695 rumque
566 3559 786 3701 restabit,
818 3590 899 3663 nec
925 3560 1006 3662 ulli
1020 3576 1135 3664 nato
1151 3557 1255 3696 post
1273 3555 1564 3693 misesecula
1580 3562 1904 3696 praeludetur
1931 3563 2098 3699 occafio
2116 3589 2168 3666 rr·

363 3709 511 3845 liquid
522 3709 672 3816 adbuc
698 3708 963 3836 adiicienda

516 4054 803 4162 Adiecinrus
833 4055 997 4197 itaque
1017 4058 1084 4163 ’δε
1117 4091 1232 4174 nos,
1273 4087 1419 4201 prout
1439 4057 1489 4159 in
1514 4054 1905 4199 praecedentibus
1927 4055 2047 4162 locis
2064 4057 2166 4161 iam

364 4198 595 4325 fecimus,
631 4203 698 4308 ita
732 4202 843 4304 heic
880 4237 1115 4346 quoque,¹
1152 4207 1278 4311 varii
1312 4207 1506 4350 generis
1560 4202 1946 4333 observationes,
1987 4205 2168 4350 partim

368 4387 419 4458 ex
448 4350 649 4458 historia
669 4344 1011 4470 ecclesrastica‚
1047 4382 1157 4455 turn
1189 4352 1483 4496 antiquiori,
1534 4382 1642 4455 tum
1674 4354 1934 4457 recentiori
1966 4351 2167 4494 petitae,

365 4503 541 4645 partim
564 4530 686 4604 vcro
702 4492 1036 4636 theologicas,
1064 4532 1241 4640 easque
1267 4530 1370 4602 tam
1400 4500 1703 4640 exegerim,
1735 4534 1886 4640 quam
1917 4495 2165 4640 dogmati-

366 4683 436 4753 cas
453 4682 547 4752 nec
567 4680 668 4748 non
698 4640 976 4771 polemicas.
1016 4641 1316 4787 .Speciatirn
1337 4642 1400 4748 de
1428 4641 1682 4764 identitate
1711 4641 1939 4787 baptismi
1966 4643 2168 4795 Joannis

367 4800 418 4900 sl.
442 4791 653 4917 Christi,¹
691 4788 754 4897 de
786 4786 1197 4938 paedobaptismo‚
1238 4794 1415 4937 iisque,
1454 4789 1539 4934 qui
1563 4785 1777 4895 eundern
1800 4788 2171 4935 impugnarunt,

367 4934 612 5051 deforma
640 4933 927 5084 baptizandi
957 4976 988 5045 a
1015 4935 1216 5045 Christo
1241 4936 1553 5086 praescripta,
1587 4933 1650 5041 de
1685 4933 1999 5045 immersrone
2029 4936 2084 5036 in
2118 4970 2173 5036 a.-

1328 5114 1451 5251 )(3
1987 5149 2171 5255 quam,
