5375 6209
1774 407 1780 458 i

847 491 1942 668 narinear'inucnusacnncoann.3
2030 524 2033 527 ’
2115 649 2120 666 „
2183 525 2268 668 '3'7'7

466 747 503 813 δι
516 735 607 835 quod
620 733 769 835 sanguis.
796 705 894 835 quens
908 728 1039 803 insacia
1057 759 1149 805 coena
1163 732 1263 815 bibit,
1279 759 1342 834 pro
1384 717 1460 809 cnm
1471 733 1663 811 infirmitate
1687 731 1729 811 dt¹
1745 725 1840 813 variis
1858 738 2105 816 tentationum·
2135 742 2266 845 Qiam‘·

467 839 725 933 peccatisnostris
741 838 774 903 iii
790 858 845 903 ara
865 828 1018 903 cruciasti
1034 829 1175 912 eflusua,
1201 828 1244 902 ilii
1258 852 1342 904 cette
1383 838 1430 906 via
1446 837 1543 930 igitur
1565 836 1704 908 verbum
1725 836 1880 934 evangelii
1901 840 1935 910 in
1957 838 2156 916 absolutione
2173 845 2265 930 teste·

464 933 635 1028 promisso
650 933 692 1003 de
701 935 841 1027 gratuita
859 952 1064 1025 peccatorum
1081 926 1266 1001 remissione
1280 931 1342 1001 ob·
1384 948 1461 1012 tur,
1487 956 1561 1005 vete
1582 934 1673 1008 nobis
1690 923 1696 935 '
1722 950 1832 1027 ropter
1858 937 2022 1012 Christum
2043 933 2171 1013 :emisa
2198 936 2264 1018 else

462 1026 606 1126 signatur
628 1037 664 1102 Bc
681 1027 901 1099 corifirmatur.
950 1027 1165 1121 Nequaquam
1185 1028 1341 1108 dicimus,
1381 1047 1536 1123 peccata,
1564 1048 1674 1102 tamen
1690 958 1770 1102 sdes
1782 1055 1878 1127 grata
1902 1061 2013 1109 mente
2028 1039 2129 1109 etiarn
2151 1043 2189 1113 in
2211 1033 2262 1122 sa·
2381 1017 2384 1028 Ι

461 1122 660 1201 bibitionem
682 1121 841 1222 sanguinis
865 1122 982 1196 Christi
1010 1127 1045 1192 in
1072 1124 1259 1195 eucharistia
1280 1126 1341 1198 eise
1383 1151 1551 1200 eramento
1576 1126 1773 1201 eucharistia
1808 1125 2095 1208 confirmationem
2118 1144 2158 1210 ae
2177 1135 2261 1212 obsi·

463 1223 590 1296 causmu
607 1225 806 1297 meritoriam
823 1217 1013 1294 remissionis
1027 1242 1260 1320 peccatorum,
1274 1226 1339 1296 hoc
1380 1228 1568 1320 gnationem
1577 1230 1659 1297 tanti
1669 1223 1822 1318 beneficii
1835 1231 1973 1322 -quaerit,
2000 1235 2119 1306 etenim
2129 1260 2207 1309 cum
2221 1237 2260 1311 iia

462 1325 550 1393 enini
565 1327 702 1419 pertinet
719 1319 763 1391 ad
777 1314 971 1391 effusionem
986 1316 1146 1418 sanguinis
1169 1324 1202 1389 in
1224 1347 1339 1402 cruce,
1380 1322 1446 1393 hoe
1464 1319 1686 1403 sacramento,
1711 1321 1752 1394 ex'
1771 1322 1969 1400 institutione
1992 1332 2030 1400 dc
2052 1327 2261 1411 ordinatione

461 1415 516 1490 sed
533 1420 598 1490 hoc
614 1420 780 1506 volumus,
805 1417 895 1514 quod
910 1413 1034 1515 sanguis
1055 1418 1176 1491 chtisti
1203 1418 1337 1493 insacia
1380 1419 1520 1497 Christi,
1546 1447 1664 1517 corpus
1683 1418 1968 1519 ipsiuaproiiobis
1985 1428 2021 1499 in
2038 1450 2258 1502 mortemue.

461 1542 551 1590 coena
578 1514 698 1587 sumtus
717 1513 755 1584 iit
775 1517 922 1587 medium
942 1514 1160 1589 reinisbonetn
1183 1539 1337 1613 peccato·
1378 1516 1483 1589 ditum
1508 1520 1768 1596 manducemus,
1791 1525 1826 1595 dr
1856 1518 2045 1621 sanguinem
2072 1527 2081 1591 i
2108 1524 2166 1598 litia
2191 1551 2257 1623 pro

461 1641 533 1687 tuin
554 1613 745 1710 obsignans,
771 1622 808 1685 de
830 1618 901 1685 abiu
922 1614 1096 1684 exhibitam
1123 1609 1185 1687 else
1212 1616 1337 1703 coniit-
1375 1620 1517 1710 peccatis
1544 1618 1658 1688 nostris
1686 1613 1824 1688 veffusum
1856 1619 2029 1694 bibamus:
2062 1549 2137 1695 ideo
2160 1626 2193 1696 in
2214 1650 2256 1704 eu

459 1712 712 1784 manaomnibus
732 1736 807 1781 cuni
823 1710 889 1783 fide
905 1709 1130 1784 accedentibus.
1167 1714 1335 1803 Qiemad·
1377 1712 1418 1783 de
1433 1712 1618 1786 remissione
1633 1737 1840 1813 peccatorum
1856 1714 1988 1794 firmam
2004 1716 2250 1812 consolationis.

457 1808 596 1880 niodum
625 1812 727 1907 igitur
756 1807 965 1881 bellarminus
997 1804 1218 1904 disputatflib.
1242 1813 1267 1882 1.
1292 1812 1334 1883 de
1375 1808 1502 1881 fiduciae
1524 1820 1557 1886 dt
1577 1810 1774 1884 certitudinis
1792 1812 1992 1891 anchoram,
2016 1815 2165 1915 adeoque
2179 1819 2255 1892 effi.

454 1905 545 1979 missa
563 1932 589 1976 c
606 1930 662 1985 ις.
671 1907 869 2003 scicrisscieris
884 1905 989 2004 missin
1002 1910 1072 1976 ideo
1090 1913 1333 2002 reniitterepec-
1374 1932 1431 1977 cair
1463 1910 1647 1981 antidotum
1674 1906 1714 1979 ad
1744 1909 1926 2007 erigendam
1952 1919 1988 1990 dr
2014 1903 2254 1993 sustentandam

450 2020 550 2084 tata,
572 2009 654 2101 quia
677 2008 818 2099 adsideat
835 2012 982 2102 pretium
1004 2010 1208 2078 redemtionis
1222 2006 1270 2080 ss
1281 2032 1332 2077 re·
1373 2003 1561 2102 languidam
1582 2006 1677 2079 fidem
1699 2010 1732 2076 in
1747 2005 1836 2078 ludin
1856 2015 1891 2081 δι
1912 2013 2140 2085 tentationibus
2156 2007 2252 2089 hatie'.

454 2106 602 2197 mi'ffionir
621 2118 823 2196 peccatorum
836 2130 849 2184 ,·
876 2108 917 2172 ita
940 2130 1072 2199 quoque
1095 2130 1116 2174 a
1140 2111 1210 2202 pari
1236 2129 1333 2201 argu·
1375 2128 1453 2179 mus.
1506 2106 1566 2193 5.)
1592 2104 1692 2203 Qiod
1709 2104 1807 2177 Filius
1824 2108 1887 2176 Dei
1910 2110 1946 2180 in
1963 2134 2041 2181 vero
2065 2118 2100 2186 dt
2120 2111 2251 2187 ⁴salutati

425 2195 427 2202 ’
451 2206 589 2275 mentori
608 2200 789 2297 possumus,
813 2197 905 2274 usum
922 2228 1021 2273 coenae
1040 2200 1208 2272 dominice
1224 2206 1331 2273 remit·
1373 2200 1632 2272 eucharistiae‘usu
1646 2200 1788 2288 testetur,
1801 2199 1833 2273 se
1845 2204 2013 2280 credentes
2026 2205 2083 2282 fibi
2097 2227 2131 2278 ut
2144 2236 2251 2285 inem-
2278 2288 2281 2294 ,

449 2319 524 2371 tere
540 2318 693 2393 peccata,
720 2302 797 2394 quia
816 2298 1010 2395 adplicat&
1031 2300 1178 2397 obsignat
1199 2299 1331 2370 creden·
1370 2296 1431 2368 bra
1447 2295 1603 2378 inserere,
1625 2302 1844 2395 impuritatem
1857 2303 1965 2374 carnia
1988 2309 2172 2402 peccatricis
2191 2304 2250 2383 suo

448 2399 538 2468 tibus
556 2392 778 2468 remissionem
796 2421 1003 2493 peccator-nin
1018 2397 1244 2486 obedientia&
1260 2420 1330 2493 pas·
1371 2403 1510 2491 corpure
1523 2406 1557 2469 δι
1569 2392 1723 2493 sanguine
1737 2397 1824 2468 velut
1844 2398 2162 2479 umbraculotcoram
2182 2407 2249 2482 Des

448 2494 544 2569 sione
568 2493 690 2567 Clirisli
712 2492 911 2591 adquisitam.
965 2494 1032 2582 2.)
1060 2495 1162 2595 Qiod
1185 2492 1255 2566 usus
1276 2492 1328 2564 sa·
1368 2493 1495 2588 judicio
1510 2511 1640 2593 tegere,
1668 2518 1787 2589 eosque
1800 2492 1944 2590 gestare,
1960 2494 2135 2578 sustentare
2148 2504 2249 2576 uvi·

444 2613 515 2666 'crae
532 2618 629 2664 coenae
645 2590 746 2664 fidem
764 2592 905 2663 nollrain
922 2592 1117 2681 confirmet,
1141 2590 1327 2690 generalem
1370 2591 1520 2677 vificare,
1545 2617 1581 2662 ut
1598 2595 1700 2685 magis
1722 2595 1887 2688 magisque
1901 2592 1962 2685 ipsi
1984 2607 2247 2695 coniungantur,

448 2690 605 2788 'evangdii
632 2685 877 2788 promissionem
904 2692 945 2764 de
969 2687 1152 2762 remissione
1180 2709 1328 2786 peccato·
1369 2697 1402 2761 dc
1422 2686 1573 2760 beneficia
1597 2686 1664 2757 side
1686 2712 1814 2785 accepta
1835 2687 1957 2760 firmius
1974 2698 2142 2767 retineant.
2192 2701 2247 2776 ste

446 2813 528 2862 tuin
540 2793 643 2860 etiam
659 2790 699 2859 ad
715 2814 774 2859 rios
795 2795 826 2884 in
847 2785 950 2884 specie
970 2793 1150 2887 pertinere,
1174 2813 1272 2879 atque
1285 2783 1326 2856 ad
1363 2807 1448 2879 ergo
1460 2788 1649 2876 conjunctio
1663 2788 1773 2856 nostra
1790 2811 1865 2857 euin
1880 2787 2031 2868 Christo,
2045 2816 2115 2889 quae
2134 2791 2171 2865 fit
2186 2818 2245 2890 pet

445 2882 557 2958 soedus
575 2886 651 2957 illud
669 2891 745 2957 novi
763 2883 961 2969 testamenti,
987 2887 1076 2982 quod
1094 2884 1327 2981 coiitpledtitnr
1366 2879 1606 2970 sacramentum
1625 2884 1848 2963 eucharistiae,
1874 2908 2080 2982 nequaquam
2102 2897 2245 2989 opponi·

441 2980 671 3058 remissonem
695 3002 927 3080 peccatorum,
951 3008 1011 3083 per
1037 2996 1144 3057 veram
1164 2985 1325 3081 poniten·
1363 2999 1648 3078 turpeccatorum
1667 2977 1868 3072 remissioni,
1891 2980 1942 3061 stad
1968 3008 2038 3062 earn
2055 2992 2169 3088 ¹[totius
2188 2993 2240 3066 in.

443 3088 527 3155 tiam
550 3089 584 3154 δι
606 3080 706 3152 fidem
724 3085 840 3155 iteruin
859 3083 951 3157 nobis
967 3104 1072 3179 patere
1090 3083 1233 3166 aditum,
1249 3105 1325 3153 nor·
1363 3077 1476 3162 cludit.

442 3184 561 3280 quein
578 3177 654 3251 illud
680 3177 769 3249 fideli
791 3176 950 3278 sanguinis
970 3180 1087 3270 Chiisli
1103 3179 1260 3262 bibitione
1273 3203 1324 3251 re·
1362 3268 1365 3274 Ι
1408 3173 1452 3278 ᾗ
1486 3175 1648 3259 CCXIX
1672 3180 1763 3251 'Haec
1793 3185 1904 3251 omnia
1940 3179 1966 3253 fi
2033 3183 2215 3268 Exceptio'aee

444 3280 534 3375 cipi,
559 3276 716 3376 siquidem
739 3277 888 3351 bibamus
907 3279 1000 3351 illurn
1021 3279 1229 3375 sanguinem,
1253 3301 1321 3375 quo
1361 3281 1465 3372 probe
1479 3270 1809 3371 expendantur,sacile
1824 3276 1967 3374 adparet,
2013 3265 2227 3328 &minsa

443 3400 571 3450 novum
593 3375 820 3448 taliamentum
847 3372 1002 3453 sancitum
1028 3375 1125 3449 esi&
1144 3376 1317 3448 confirma·
1360 3372 1437 3467 quid
1463 3374 1591 3448 roboris
1610 3374 1684 3446 infit
1705 3375 1891 3446 Bellariiiini
1913 3399 1965 3447 re·
2033 3345 2226 3481 ’Ὑφ’

443 3499 529 3548 turn.
583 3478 638 3563 3.)
661 3474 760 3569 Qiod
782 3473 1125 3570 sideepromitlionein
1145 3476 1185 3546 de
1206 3478 1318 3544 reinis-
1355 3466 1597 3567 sponfionibus,
1616 3474 1964 3569 quasChernnitioop·
2046 3475 2071 3536 f
2100 3441 2175 3486 m

441 3573 534 3646 fiune
549 3590 755 3668 peccatorum
775 3570 968 3668 aiiipleslens
990 3598 1056 3644 iion
1076 3576 1194 3642 nitatur
1212 3567 1319 3665 perfe-
1357 3592 1478 3668 ponere
1496 3563 1611 3640 voluit.
1659 3574 1704 3640 Ex
1721 3568 1792 3667 ipsa
1814 3568 2019 3643 institutionis
2037 3567 2145 3652 serbis
2168 3572 2237 3650 hoe

441 3671 554 3743 dione
575 3668 690 3740 nollra
703 3672 907 3741 contritionis
929 3689 983 3741 aut
1002 3674 1158 3766 opinione
1169 3674 1319 3767 propria·
1358 3662 1460 3738 inodo
1476 3686 1716 3763 argumentatur
1733 3670 1951 3740 Chemnitius:
1977 3659 2154 3762 ipseffilin
2169 3672 2234 3743 Dei

441 3793 517 3839 nini
534 3759 824 3849 'satisfasiionunn
849 3760 902 3838 sed
932 3772 1025 3839 unice
1049 3767 1196 3865 respiciat
1222 3770 1318 3838 Chri·
1356 3763 1579 3836 eucharisliam
1598 3769 1747 3836 nominat
1762 3791 1840 3837 nov.
1857 3765 1924 3836 tesi.
1944 3772 1979 3837 δι
1999 3764 2154 3849 jeremias
2172 3765 2234 3840 ad·

441 3864 551 3940 llum,
575 3868 631 3962 qui
648 3870 682 3936 dt
697 3868 817 3935 merito
832 3866 1021 3939 &efficacia
1039 3866 1082 3937 est
1102 3862 1238 3936 salvator
1252 3891 1316 3937 iio-
1357 3860 1465 3932 firmat
1489 3864 1523 3930 in
1542 3888 1619 3933 nov.
1647 3864 1716 3936 test.
1734 3862 1966 3960 comprehendi
1990 3861 2056 3933 hoc
2074 3866 2232 3961 pastum:

436 3963 525 4050 'ster‚
546 3960 706 4061 liquidem
728 3985 796 4032 non
813 3960 917 4037 solum
943 3970 977 4034 in
998 3988 1051 4033 ara
1070 3967 1174 4034 crucis
1194 3988 1317 4058 corpus
1355 3961 1529 4053 Propitius
1553 3984 1609 4031 ero
1633 3964 1797 4056 iniquitati
1822 3984 1952 4038 eorum,
1976 3958 2232 4054 &peccassem
2259 3966 2268 4016 t

438 4058 534 4134 suum
579 4085 616 4131 ro
631 4061 725 4131 nobis
743 4063 775 4129 iii
794 4080 936 4135 inortein
958 4061 1112 4140 tradidit..
1134 4070 1169 4134 dc
1190 4058 1315 4157 sangui·
1352 4082 1429 4126 ram
1447 4082 1511 4127 noti
1524 4063 1712 4137 recordabor
1727 4059 1875 4153 amphus.
1907 4061 1950 4129 Et
1965 4054 2097 4153 quidem
2112 4061 2147 4129 in
2161 4055 2233 4155 ipsa,

436 4184 518 4231 neni
539 4086 631 4229 idum
655 4163 688 4230 in
714 4159 933 4232 remissionem
957 4177 1163 4256 peecatorum
1189 4160 1317 4229 nolito.
1354 4154 1552 4226 inllitutione
1569 4155 1715 4227 Chrissus
1733 4153 1880 4255 expressis
1895 4156 1996 4225 verbis
2011 4158 2160 4226 nominat
2175 4153 2234 4228 ῐοέι

436 4282 516 4329 ruiii
534 4252 668 4338 effudit,
692 4252 859 4328 sedetiam
883 4258 961 4329 illud
977 4255 1081 4354 ipsum
1108 4255 1315 4328 redemtionis
1335 4249 1535 4323 'missionem
1549 4256 1911 4350 peccaturum‚dicens:
1936 4254 2008 4322 Hoc
2031 4250 2072 4338 est
2087 4253 2228 4351 sanguia

438 4363 477 4431 dc
500 4352 691 4427 remiiiionis
716 4361 875 4451 pretium,
900 4358 934 4429 id
959 4358 1023 4437 est,
1044 4379 1163 4451 corpus·
1188 4362 1222 4427 δι
1242 4349 1314 4424 san·
1350 4354 1703 4448 meutiquiprdmultis
1717 4351 2225 4452 ffunaiturinremiffioiiempec.

432 4457 569 4556 guinem
591 4447 683 4524 suum
706 4457 739 4524 in
760 4449 848 4525 sacra
874 4480 963 4527 coena
983 4455 1078 4524 nobis
1100 4453 1253 4529 exhibet,
1278 4456 1314 4524 dt
1351 4461 1506 4520 caturam.
1530 4442 2224 4549 liellatminusartemiariaquaeriteffugia:

435 4552 702 4624 manducandum
717 4578 754 4622 ac
769 4550 945 4624 bibendum
963 4552 1100 4649 praebet,
1115 4567 1150 4620 ut
1164 4553 1225 4622 hac
1237 4573 1311 4621 cor·
1351 4547 1409 4626 1.)
1427 4546 1523 4616 dicite
1548 4551 1769 4643 testamentum
1788 4569 1906 4619 nouum
1924 4547 2026 4615 variis
2044 4547 2145 4615 modis
2170 4570 2225 4617 at·

433 4654 528 4752 poris
543 4655 577 4721 dt
598 4643 760 4747 sanguinis
781 4646 825 4724 sui
842 4654 1032 4722 exhibitione
1055 4674 1114 4732 noa
1139 4649 1312 4720 confirmet
1348 4648 1417 4739 cipi.
1444 4647 1560 4715 Primo
1570 4673 1634 4743 pro
1650 4650 1814 4719 uoluntate
1838 4642 2016 4740 tfflataris,
2039 4667 2105 4739 quo
2125 4648 2221 4715 modo

435 4759 471 4825 dt
488 4765 595 4820 certos
609 4750 743 4828 reddat,
767 4750 856 4847 quod
877 4753 989 4820 omnia
1002 4746 1156 4832 beneficia
1178 4742 1230 4817 sua
1243 4769 1311 4815 tra·
1346 4742 1533 4831 eurhcristio
1566 4768 1631 4814 non
1648 4747 1695 4844 stt
1722 4746 1953 4842 tesiamtntitm.
1994 4745 2135 4811 Secundo
2154 4767 2221 4836 pro

433 4843 563 4921 ditione
576 4851 722 4941 corporis
736 4855 770 4918 dt
787 4842 943 4918 effusione
961 4844 1119 4946 sanguinis
1135 4863 1245 4942 parta,
1261 4845 1308 4913 iii·
1344 4841 1602 4934 haereditatescu
1619 4845 1708 4912 bonis
1723 4870 1742 4912 a
1757 4842 1905 4937 ttslatore
1916 4841 2051 4938 legatis,
2075 4864 2138 4936 quo
2151 4864 2220 4909 mo·

430 4969 485 5020 rei·
497 4970 571 5041 quae
586 4948 707 5013 eminet
720 4944 864 5017 remiffio
881 4968 1108 5041 peccatorum,
1132 4944 1224 5012 nobis
1247 4942 1309 5011 do·
1344 4946 1384 5011 do
1400 4938 1586 5036 eucharyii'a
1603 4945 1708 5011 itidem
1724 4967 1786 5009 noti
1797 4942 1839 5034 fit
1857 4938 2084 5038 tgsiammiam.
2104 4938 2220 5008 Tertio
2283 4977 2307 4994 .-

430 5068 515 5119 nare
524 5089 537 5123 ,
563 5043 712 5114 exhibere
727 5049 761 5115 dt
775 5041 934 5144 adplicata
953 5040 1040 5113 velit.¹
1072 5040 1131 5128 4,)
1157 5040 1253 5134 Qiod
1268 5038 1306 5111 fi·
1335 5061 1402 5132 pro
1416 5036 1622 5130 instrumento
1630 5035 1770 5137 politico,
1783 5038 2022 5135 qttodjimulstt
2035 5034 2219 5132 &figarum

430 5143 493 5223 d'es
519 5147 649 5239 piorum
668 5147 706 5215 'in
728 5145 789 5214 hac
815 5146 881 5221 vira
905 5158 1062 5242 perpetuo
1098 5134 1306 5238 cunflidietur
1340 5137 1516 5208 voiuiitatis
1531 5136 1688 5235 relicturis
1713 5135 1759 5213 ss
1781 5135 1877 5233 scafis
1895 5134 2141 5235 instrumentalis
2158 5137 2217 5202 ad·
2283 5144 2288 5152 '

475 5244 572 5317 Tam.
593 5242 644 5314 X.
1384 5229 1482 5304 libb
1925 5289 1929 5296 .
2086 5218 2215 5329 plicam
