5375 6209
728 595 787 604 ..
922 539 1807 639 ouciacuncrsronumsrrtcm
2050 629 2053 634 ,
2221 566 2267 623 21
2356 515 2363 528 ’

481 726 531 805 tit,
556 732 641 800 &ex
665 725 883 824 abrogatione
901 727 1011 797 vetetis
1027 717 1138 822 padi.
1161 725 1347 821 abrogatio-
1396 720 1543 825 imposne
1570 725 1792 804 eircumcilio,
1806 723 1863 793 uti
1887 719 2011 794 conssat
2031 720 2187 818 exemplis
2212 726 2274 797 Ni·

476 850 537 898 uem
559 824 767 900 leviticorum
787 821 1020 896 sacrificiorum
1042 823 1177 923 colligit:
1203 827 1246 897 ita
1263 851 1345 923 quo·
1394 830 1585 912 muitarum,
1611 825 1807 900 Naamaois,
1834 822 1934 914 Cyri,
1950 824 2040 893 Darii
2061 830 2096 895 be
2112 822 2273 920 aliorum,

424 997 429 1014 ,
472 950 524 1021 que
535 949 575 998 ex
591 926 809 1024 abrognione
826 927 938 994 vetetis
980 926 1069 1022 asti,
1093 921 1344 995 circumcisionis
1393 927 1447 1018 qui
1461 925 1665 1024 stgnarulum
1692 924 1777 1021 istud
1803 944 1934 1014 torpore
1963 947 2026 994 noa
2038 921 2267 1015 susceperunt,

467 1023 712 1122 abrogationem
729 1021 885 1116 colligere
903 947 1090 1119 pulsumus,
1117 1047 1194 1094 cum
1217 1027 1251 1092 dr
1277 1018 1343 1119 ipsa
1379 1023 1451 1116 fide
1474 1035 1583 1110 nutem
1612 1025 1646 1092 in
1666 1038 1840 1094 venturum
1867 1021 2007 1113 Meffiarn
2020 1023 2145 1114 silvati
2163 1022 2269 1116 flent,

463 1122 496 1195 ad
517 1122 686 1216 remacli.
713 1125 882 1219 pertineat.
935 1122 995 1210 a.)
1021 1124 1057 1192 ln
1083 1116 1147 1217 ipsa
1176 1124 1343 1192 eircunrci·
1391 1122 1439 1196 δῖ
1458 1122 1669 1214 adpopulum
1689 1127 1910 1214 civitatemque
1930 1125 1997 1192 Dei
2024 1124 2268 1226 minuerant.

461 1220 543 1294 bonis
564 1220 780 1291 institutione
803 1237 928 1310 tempus
953 1217 1132 1291 durationis
1154 1222 1343 1315 exprimitur
1391 1219 1586 1317 Augullinus
1603 1219 1659 1290 lib.
1681 1218 1817 1297 XVIII.
1832 1218 1874 1287 de
1893 1221 1979 1291 civit.
1993 1222 2057 1289 Dei
2073 1243 2100 1288 c.
2124 1245 2184 1321 47.
2210 1228 2267 1294 Er.

458 1321 519 1394 lieet
534 1313 719 1392 obscurius
745 1319 828 1388 Gen.
848 1316 964 1394 XVll.
980 1341 1013 1401 7.
1037 1321 1187 1388 Statuam
1208 1317 1340 1410 pubium
1389 1344 1435 1416 go
1464 1317 1569 1389 multo
1601 1321 1705 1390 minus
1732 1323 1767 1394 in
1795 1341 1871 1387 nov.
1901 1320 2054 1391 test.·etir
2079 1315 2266 1398 necetiaria.

462 1445 552 1491 neam
565 1426 663 1491 inter
691 1443 743 1488 me
770 1416 816 1490 Εἴ
830 1429 859 1485 te
883 1416 1034 1509 acsertten
1054 1432 1146 1487 tunm
1156 1415 1230 1509 ptest
1254 1430 1284 1486 te
1307 1419 1340 1485 itt
1390 1417 1447 1505 4.)
1477 1420 1593 1488 Primis
1616 1417 1720 1489 llntim
1742 1411 1881 1501 ecclelia
1900 1415 2082 1512 apostolica
2097 1441 2174 1493 nov.
2195 1423 2266 1502 teli.

437 1521 721 1618 ·geeerationibur
734 1516 819 1610 suis.
838 1539 868 1586 v.
886 1542 919 1602 9.
940 1516 992 1584 Tu
1008 1531 1116 1588 autem
1128 1517 1263 1609 pusiam
1276 1537 1340 1584 me·
1389 1514 1589 1611 temporibus
1616 1508 1816 1615 o'dre‘pop&
1834 1503 2031 1585 circumciso
2052 1513 2116 1584 luit
2130 1516 2263 1603 habire,

458 1645 501 1689 err
504 1621 686 1716 seruabis,
715 1629 754 1698 tu
770 1614 930 1706 &samm
946 1626 1039 1684 taum
1060 1616 1131 1712 post
1146 1628 1177 1685 te
1192 1619 1226 1685 in
1241 1637 1338 1713 gene·
1387 1619 1462 1714 quia
1480 1615 1680 1686 Timotheus
1697 1612 1836 1686 evitandi
1856 1608 1995 1683 scandali
2011 1608 2104 1683 causa
2125 1618 2264 1694 circum·

453 1724 626 1792 ratunitm
650 1716 765 1811 suis:
804 1710 1094 1808 Qeruadmodum
1122 1716 1219 1809 igitur
1243 1714 1338 1782 abro·
1386 1711 1465 1783 cil'us
1489 1711 1542 1783 eli.
1571 1715 1650 1788 Asi.
1674 1713 1773 1792 XVI.
1798 1734 1826 1786 3·
1856 1711 1919 1783 Sed
1943 1713 2061 1782 Titum
2089 1712 2263 1790 noluerunt

452 1823 534 1917 gnie
557 1814 836 1888 sacrificiorum,
878 1809 1057 1881 aliorumve
1088 1818 1207 1881 rituum
1234 1810 1338 1880 leuiti-
1385 1810 1522 1907 apossoli
1538 1811 1578 1881 ad
1602 1809 1879 1881 circumcifionem
1905 1834 2043 1905 cogere,
2071 1811 2140 1882 Gal.
2159 1814 2205 1890 II.
2227 1838 2259 1891 3.

455 1943 565 1988 eorum
586 1915 760 2010 colligitur
788 1934 828 1982 rx
853 1933 913 1983 eo,
957 1909 1047 2004 quod
1071 1916 1163 1981 toties
1191 1910 1339 2000 jubentur
1385 1933 1423 1980 ae
1445 1906 1563 1979 diserte
1582 1903 1689 1979 feriit
1714 1907 1826 1980 Paulus
1854 1930 1880 1975 t.
1898 1910 1980 1979 Cor.
1997 1907 2077 1986 VII.
2104 1927 2158 1987 ru,
2181 1913 2258 1985 Cir.

463 2013 607 2086 tinette:
622 2012 690 2081 illos
707 2003 881 2079 obseruate
905 2011 937 2078 in
955 2012 1216 2107 generationibus
1237 2007 1336 2099 suis:¹
1384 2005 1536 2101 tumuistis
1560 2010 1674 2104 aliquis
1696 2022 1828 2081 normas
1847 2005 1915 2102 est?
1930 2031 1995 2078 non
2010 2015 2150 2081 adducat
2161 2039 2262 2108 prae·

430 2109 753 2208 ·itaquoqueidem
772 2104 904 2176 valetin
922 2105 1171 2178 circumcilione.
1220 2105 1337 2174 Lotlre·
1378 2112 1522 2201 patiam.
1572 2109 1614 2178 In
1630 2111 1807 2204 prereputiu
1829 2107 1945 2204 uliquis
1970 2121 2135 2181 voratore
2163 2168 2172 2198 ‚
2196 2137 2262 2186 non

462 2235 510 2281 rus
532 2215 566 2279 in
585 2212 737 2302 margine
753 2205 859 2275 addit:
890 2207 931 2275 So
951 2208 1031 2304 lang
1058 2208 1109 2276 ilar
1135 2208 1230 2302 liing
1250 2203 1334 2273 roei·
1382 2212 1522 2277 adducat
1541 2209 1808 2307 cirrurueiſsonem.
1831 2231 1860 2277 v.
1879 2230 1932 2286 19.
1959 2208 2118 2280 (irruenti
2141 2213 2262 2286 anilii

458 2322 518 2388 ret,
544 2314 630 2378 dean
645 2302 757 2396 illustr
780 2306 907 2374 hiermit
928 2309 1061 2394 deutet,
1087 2280 1156 2399 <last
1174 2305 1225 2373 ilrr
1242 2302 1337 2397 Lling
1383 2304 1423 2401 est
1444 2304 1492 2378 89
1505 2309 1719 2400 praeputium
1732 2308 1813 2381 nilis
1827 2302 1888 2396 ess,
1901 2306 1962 2402 sed
1977 2308 2260 2402 obseruatio-man.

447 2409 505 2505 Jnsl
523 2405 645 2479 nutet
664 2399 844 2501 avfflioeren
868 2406 934 2472 rrnd
960 2406 1009 2471 ein
1040 2406 1156 2472 anders
1182 2403 1335 2472 iornrnen.
1383 2410 1533 2475 datorum
1549 2407 1627 2477 Dei.
1649 2407 1805 2503 Cumque
1827 2400 2258 2507 pl‘eud0.ap0st011pugm,

454 2504 592 2578 Additur
614 2508 720 2576 etiam
741 2502 985 2574 ininllitutione
1006 2500 1099 2591 hujus
1119 2496 1336 2588 sacramenti:
1381 2522 1479 2585 rent,
1516 2503 1794 2575 circumsilionem
1827 2511 1862 2575 br
1896 2503 2031 2603 reliques
2056 2513 2256 2582 ceremonias

455 2606 694 2679 Erudieabitur
707 2604 746 2670 de
756 2600 878 2693 populo
890 2597 973 2687 suo,
1022 2600 1111 2670 uibus
1127 2596 1229 2668 verbis
1247 2602 1336 2668 Deus
1380 2599 1545 2672 Mosaicas
1562 2595 1625 2673 else
1637 2604 1677 2672 ad
1693 2601 1824 2675 satlutern
1843 2594 2045 2686 necesarium
2063 2603 2200 2701 apostoli
2221 2611 2255 2678 io

456 2706 572 2788 innuit,
597 2700 758 2798 quamdiu
772 2697 870 2783 Iudai
889 2623 1060 2767 foturismt
1076 2694 1211 2794 populus
1229 2705 1263 2767 δι
1280 2696 1336 2763 lra-
1379 2702 1484 2795 prima
1509 2724 1585 2772 nov.
1610 2701 1734 2771 testam.
1756 2697 1885 2794 synodo
1906 2707 2005 2771 Anno
2035 2702 2108 2799 post
2134 2704 2260 2796 Christi·

416 2877 418 2882 ,
456 2801 585 2872 bitamri
606 2821 731 2869 terram
750 2796 1055 2875 cannamomum
1080 2796 1335 2866 hanccetemo·
1378 2801 1578 2871 nativitatem
1605 2822 1652 2891 49
1677 2797 1858 2878 celebrata,
1882 2804 2082 2871 contrarium
2105 2798 2256 2875 fecerunt

460 2905 543 2972 niem
562 2892 815 2968 observandam:
830 2915 862 2964 tt
889 2892 1060 2990 postquam
1082 2894 1181 2977 Iudai
1205 2893 1334 2967 occide·
1377 2895 1545 2969 decretum
1563 2897 1634 2968 Ast.
1653 2897 1735 2976 XV.
1761 2923 1789 2966 ι.
1813 2900 1959 2993 Quidam
1978 2899 2190 2993 descendentes
2215 2906 2255 2974 de

458 3020 528 3070 mut
554 2990 730 3070 Melitam,
755 3015 823 3062 non
851 2988 985 3088 amplius
1005 2987 1074 3062 sunt
1100 2993 1161 3060 Dei
1183 2991 1333 3086 populns.
1376 2998 1499 3068 Iudaea
1523 2997 1672 3068 docebunt
1692 2997 1838 3092 fratres,
1872 2999 1949 3092 quin
1974 3000 2035 3097 nist
2051 3003 2257 3072 circumcida-
2302 3059 2305 3066 .

459 3098 533 3168 vo.
548 3095 614 3173 IX.
634 3101 699 3168 26..
715 3087 800 3166 Hos.
818 3091 845 3166 l·
874 3114 904 3169 9·
933 3088 1103 3166 Galatinus
1123 3087 1179 3161 lib.
1206 3089 1270 3164 Xl.
1293 3091 1334 3166 de
1377 3099 1456 3166 enini
1472 3096 1651 3191 secundum
1671 3122 1790 3166 morem
1809 3087 1942 3196 Musis}
1955 3121 2020 3166 non
2035 3098 2169 3194 potestis
2179 3100 2255 3194 sal.

466 3219 515 3266 etr.
535 3194 618 3268 cath.
640 3194 736 3262 vetit.
759 3215 787 3260 e.
809 3212 842 3272 7.
872 3191 960 3283 Quia
976 3188 1166 3286 rireuineijo
1189 3191 1333 3282 Judneis
1377 3199 1472 3269 vari,
1500 3219 1528 3262 v.
1548 3218 1576 3272 ς.
1593 3193 1813 3291 Surrexgernt
1826 3200 1956 3291 qnidam
1973 3199 2011 3264 de
2028 3196 2147 3297 baereſs
2163 3199 2255 3270 Pta-

475 3295 503 3362 ie
512 3297 632 3392 §puae
657 3296 764 3363 daea.
789 3287 838 3361 ff
861 3312 935 3358 vero
954 3287 1049 3358 Deus
1071 3288 1139 3357 illos
1162 3291 1200 3356 ob
1211 3290 1334 3382 seelera
1375 3292 1576 3387 restiturum,
1592 3296 1882 3384 quietantiarum,
1901 3296 2052 3370 dicenter,
2072 3303 2146 3391 quio
2162 3323 2255 3391 opor·

476 3397 656 3485 reprobavit,
682 3390 752 3458 ideo
778 3386 938 3483 christiani
961 3411 1023 3455 non
1041 3391 1333 3458 tenenturcirtunr·
1377 3403 1421 3460 tet
1443 3393 1709 3476 circumciditur,
1729 3396 1914 3487 prreetipere
1931 3396 2198 3488 quoqueservare
2211 3400 2253 3467 le.

469 3488 783 3590 manasescipero
808 3486 930 3584 euntsit
943 3486 1069 3583 figarum
1087 3485 1330 3577 nonfidelium,
1372 3515 1448 3586 gent
1465 3491 1572 3589 vlrrſss.
1590 3487 1652 3560 Sed
1666 3489 1803 3586 apolloli
1817 3496 1850 3559 in
1866 3489 1996 3588 epillola
2013 3486 2161 3582 synodica
2176 3490 2263 3566 scri·-

466 3593 600 3676 ntnline,
615 3590 679 3682 sed
701 3585 877 3678 infidelium
903 3583 950 3656 ss
980 3608 1109 3669 eorum,
1133 3609 1213 3680 quos
1238 3586 1332 3656 Deus
1376 3590 1454 3657 bunt
1471 3585 1633 3658 conuerfis
1649 3615 1684 3658 ex
1698 3590 1844 3683 gentibus
1858 3614 1887 3657 v.
1906 3605 1962 3664 28.
1981 3589 2020 3659 V
2019 3590 2099 3684 isam
2123 3594 2251 3689 estSpi.

465 3681 645 3784 reprobavit.
702 3688 808 3775 Hujus
822 3682 883 3752 loci
898 3682 942 3750 est
955 3679 1154 3760 observatio,
1179 3683 1269 3777 quod
1284 3687 1333 3754 in·
1375 3689 1455 3755 ritui
1468 3686 1581 3779 sensio
1601 3685 1648 3760 ὅ)
1664 3690 1756 3757 nobis
1778 3688 1857 3758 nibil
1874 3692 1963 3759 ultra
1983 3692 2143 3782 imponere
2163 3696 2249 3764 vobis
2381 3763 2391 3770 ,,

412 3791 419 3834 '-
465 3787 589 3858 trraliat
615 3776 727 3856 caulas
745 3780 820 3852 ideo
841 3785 873 3850 io
891 3779 1042 3849 membro
1061 3778 1190 3873 genitali
1207 3778 1329 3877 signum
1374 3789 1497 3865 oneris,
1521 3811 1619 3880 quam
1635 3786 1706 3856 baec
1720 3781 1900 3881 neceffariu.
1917 3811 1945 3856 v.
1964 3812 1978 3856 2
1985 3814 2017 3880 9.
2040 3800 2078 3859 ut
2092 3775 2248 3882 abstinea-

466 3881 580 3959 ftutltrit
595 3874 790 3979 impressum
807 3875 927 3954 fuerit,
940 3894 975 3947 ut
987 3874 1178 3949 aditioneret
1193 3877 1233 3950 de
1245 3876 1331 3951 Mes·
1373 3888 1416 3953 iis
1435 3888 1474 3954 ab
1504 3885 1675 3955 immolatis
1683 3886 1934 3983 stmulacrorttnt
1957 3885 2003 3960 sJ
2014 3886 2177 3989 sanguine
2202 3886 2251 3965 sff'

433 3979 705 4068 ‚bunuaria
719 3976 839 4048 semine
860 3971 1043 4060 nascituro,
1069 3974 1210 4047 exhibito
1235 3982 1330 4073 igitur
1363 3982 1525 4078 suffocato
1546 3984 1832 4079 &fhrnirationa
1884 3990 1937 4077 5.)
1961 3984 2073 4057 Paulus
2092 3987 2249 4060 doetrinae

466 4081 566 4155 lteffia
588 4081 674 4152 ebro
698 4080 743 4146 ati
765 4076 875 4146 debuit
888 4070 1095 4192 cirrucgisto.
1121 4074 1285 4174 lvlorlinus
1297 4081 1329 4146 in
1372 4083 1413 4152 de
1435 4080 1614 4151 necelsrtate
1635 4082 1886 4155 circumcisionis
1906 4088 2045 4181 opponit
2069 4084 2246 4158 libertatem

466 4185 532 4253 uode
553 4203 656 4252 manu
672 4103 799 4272 suipds
821 4170 863 4243 ad
885 4197 956 4269 erp.
981 4170 1098 4246 ΜΠ.
1125 4174 1208 4246 Gen.
1235 4179 1329 4273 Signi
1372 4179 1574 4249 chrillianam
1588 4180 1658 4251 Gal.
1676 4181 1716 4252 V.
1735 4204 1761 4252 1.
1781 4184 1858 4276 Qua
1875 4184 2017 4253 libertate
2034 4184 2112 4255 Ctrt
2140 4209 2247 4256 urnae

469 4283 575 4352 surmio
592 4276 810 4374 testinnonium
821 4271 911 4341 babet
927 4295 966 4341 ex
979 4270 1095 4369 objebio
1110 4273 1328 4365 velsub'ebio,
1371 4281 1536 4358 liberavit,
1552 4278 1662 4374 state,
1689 4277 1737 4353 st*
1756 4282 1850 4351 nolite
1864 4286 1980 4352 itervm
1988 4287 2074 4383 jugo
2075 4282 2247 4375 servitutis

473 4397 523 4450 tta
537 4403 612 4451 eum
622 4374 722 4466 fieret
735 4376 768 4442 in
781 4374 918 4440 membro
930 4369 1089 4465 genitali,
1105 4298 1326 4467 fignistsatum
1372 4380 1535 4448 contineri.
1550 4402 1578 4445 v.
1605 4402 1633 4448 2.
1650 4379 1797 4476 Ecceego
1815 4383 1944 4452 Paulus
1957 4388 2023 4453 diro
2036 4385 2145 4456 uobis,
2170 4407 2246 4479 quo·

475 4471 515 4567 ᾖ,
531 4475 700 4573 praefinit
712 4471 837 4565 semine
858 4467 1077 4538 benedissionis
1102 4493 1165 4537 non
1188 4473 1327 4564 anrpliut
1370 4477 1499 4571 niamſs
1514 4479 1808 4559 circumcidamini,
1824 4477 1967 4570 Christus
1983 4483 2246 4575 vobirnilrilpro·
2314 4525 2317 4530 ·

467 4571 756 4668 filfiiatiotarnm
776 4568 832 4660 sed
845 4568 1033 4637 coadrmrrtio
1044 4569 1189 4662 gentiunt
1194 4570 1327 4663 secutu-
1371 4577 1463 4643 derit.
1486 4599 1518 4643 v.
1544 4595 1573 4647 3.
1599 4573 1762 4668 Testificor
1778 4592 1886 4647 autem
1906 4579 2021 4670 rursus
2039 4584 2124 4648 omni
2147 4581 2246 4650 lomi·

444 4691 509 4742 m
549 4671 744 4766 Obsegvabis
765 4667 822 4738 troc
838 4678 874 4735 tu
889 4663 1053 4759 &semen
1067 4677 1161 4734 tuum
1185 4672 1218 4738 in
1230 4693 1325 4766 gene·
1369 4676 1404 4742 ni
1420 4675 1716 4767 circumcidentise,
1744 4681 1893 4771 pecaniam
1910 4683 2032 4748 debitor
2054 4675 2095 4766 eli
2116 4682 2246 4749 univer·

444 4861 446 4866 Ι
474 4769 731 4863 teiimibussut's,
756 4763 973 4859 tonersrtttcer
991 4787 1084 4833 tarne
1104 4762 1325 4862 vestrajinlur
1357 4771 1694 4868 fiaelegissaeienttae.
1714 4799 1744 4842 v.
1770 4780 1803 4847 6.
1830 4778 1871 4845 In
1892 4777 2017 4872 Christo
2030 4776 2102 4869 Iesu
2115 4803 2169 4847 nec
2184 4784 2246 4848 cir·
2329 4781 2334 4790 “

476 4887 554 4939 met
573 4894 639 4940 aon
666 4864 856 4960 custodiente
880 4886 920 4942 ex
939 4862 1098 4954 lapidibus
1120 4868 1323 4961 gentessum
1367 4861 1510 4968 erubreisto
1536 4872 1657 4965 aliquid
1697 4877 1806 4961 veriet,
1839 4899 1894 4944 nee
1917 4880 2129 4969 praeputium
2168 4877 2240 4950 &a

477 4981 641 5060 arrepturus.
661 4963 787 5033 Marth.
803 4960 867 5039 Ill.
892 4983 941 5030 ιο.
969 4959 1031 5047 3.)
1056 4963 1201 5033 Durante
1221 4968 1323 5035 euhoe
1370 4975 1430 5056 6,)
1458 4969 1667 5040 Circumcilio
1687 4978 1770 5042 inter
1786 4974 1907 5069 reliqua
1924 4981 2018 5046 etiarn
2036 4978 2098 5047 hoc
2113 4977 2177 5047 fine
2192 4982 2242 5047 io.

478 5067 653 5136 rnatum.
671 5085 830 5156 tempore*
841 5057 1025 5155 proselytis.
1051 5061 1108 5153 qui
1124 5084 1161 5129 ex
1176 5066 1323 5156 gentilite
1368 5074 1471 5136 tritura
1487 5063 1563 5152 suit,
1592 5091 1623 5138 ot
1639 5071 1723 5140 hunc
1741 5072 1917 5167 populum,
1944 5078 2056 5173 inquo
2070 5085 2104 5147 δι
2119 5101 2157 5145 ex
2171 5103 2239 5173 quo
2344 5076 2349 5086 '

479 5156 696 5264 tireligioneru
710 5156 924 5232 Israelitarum
938 5150 1152 5237 accesserunt,
1177 5157 1322 5236 nonfuit
1352 5163 1540 5238 nascamus
1551 5191 1617 5240 erat
1633 5167 1784 5259 M-ffias,
1811 5198 1848 5242 ac
1862 5197 1959 5271 penes
1973 5199 2071 5272 quem
2088 5177 2241 5269 usquead

1416 5269 1445 5334 C
1473 5291 1490 5357 3
1728 5319 1734 5330 ·
1890 5350 1893 5360 ,
2117 5276 2241 5348 Melliee
2298 5289 2301 5296 '
