5375 6209
411 494 424 509 ‘
466 505 539 587 20⁶
859 581 861 585 .
1109 517 1250 626 uolet
1276 512 1542 624 putrent.
1569 470 1701 632 'm
1745 570 1771 629 .-

465 687 541 760 dam
555 687 827 779 Scholasticorum
851 689 1036 762 sententiam
1051 688 1211 789 disputans
1225 719 1261 765 ac
1276 690 1347 782 sla-1
1378 692 1474 772 tionis
1489 696 1523 763 dc
1538 696 1721 764 accretionis
1735 690 1887 768 disserena
1899 695 1997 781 dicit,
2020 684 2109 795 puori
2128 726 2182 776 rer
2197 729 2253 778 ae.

463 804 578 866 ruent,
600 796 684 885 quod
699 789 843 883 Citrislus
858 785 1029 867 totas'eune
1053 787 1338 890 magnitudine&
1374 789 1665 888 gesearrlulimento
1678 799 2019 893 ,quatenus'quontnm
2033 798 2096 894 est,
2108 803 2257 897 stupra.

462 889 605 976 omnibus
625 891 834 959 accidentibus
865 893 899 958 in
921 891 1106 985 eoeiarrssia
1133 892 1269 984 existat,
1294 886 1339 960 stc
1379 888 1528 982 aristeum
1545 914 1663 961 nouam
1678 894 2035 990 artfertquantitatem,
2062 903 2257 974 nutriantur

461 980 592 1056 scribit:
619 987 714 1058 Certe
727 987 988 1086 substantiaſsne·
1001 991 1241 1085 quantitate&
1256 1011 1349 1062 rum-¹
1380 1009 1454 1057 vero
1470 991 1601 1072 eodem,
1627 1004 1784 1084 quatenus
1800 1018 1875 1062 raro
1894 992 1952 1076 eil,
1968 995 2029 1089 seu
2041 1013 2147 1089 prout
2161 1005 2196 1071 in
2213 1008 2257 1073 rei

459 1086 607 1179 plexione
629 1090 770 1181 quadam
784 1091 1076 1174 arridentiunrcaro
1094 1087 1339 1184 dirinonpolest.
1379 1086 1513 1154 uiuentis
1539 1085 1742 1182 [absiaruiam
1769 1096 1906 1160 conuerti
1925 1092 2142 1191 potest,eiqur
2162 1105 2259 1174 uniri.

395 1249 399 1260 ,
465 1178 593 1256 Eodem
615 1182 719 1254 niodo
738 1192 772 1256 dc
788 1208 847 1255 nos
869 1184 1032 1267 dicimus,
1058 1188 1142 1259 nuda
1165 1176 1340 1259 accidcbtia
1381 1182 1658 1255 Conimbriccnses
1672 1186 1742 1257 libr.
1760 1194 1784 1258 1.
1799 1192 1840 1257 de
1856 1214 1929 1284 gen.
1949 1195 1981 1259 dc
1999 1213 2140 1291 corrupt.
2148 1223 2217 1295 cap.
2231 1224 2258 1279 5·

485 1329 502 1360 0
737 1280 805 1353 fine
830 1278 996 1354 subllantia
1013 1311 1081 1364 non
1092 1280 1182 1383 polle
1201 1286 1266 1356 dici
1284 1310 1339 1380 pa·
1382 1306 1415 1374 q.
1438 1304 1489 1352 rt.
1513 1302 1571 1355 art.
1592 1306 1622 1353 a.
1641 1280 1811 1365 tell-antur,
1835 1311 1941 1356 orrrrres
1957 1290 2114 1389 tlaeologos
2134 1321 2172 1365 oe
2186 1300 2259 1391 plri-

464 1396 488 1453 3.
518 1374 683 1463 Qlssbalrr
735 1406 820 1452 nem.
879 1382 994 1452 Tertia
1014 1388 1098 1454 ratio
1118 1401 1206 1472 erat,
1231 1385 1342 1453 vocari
1382 1378 1948 1477 lofhplrosrommnnisrnsirdocere,
1972 1397 2056 1481 quod
2072 1394 2259 1467 alimentum

504 1458 682 1553 liwir?
737 1503 879 1579 panem,
901 1485 991 1577 ¹quia
1020 1484 1111 1554 sobet
1145 1482 1272 1580 offellus
1293 1479 1341 1553 s?
1382 1480 1853 1575 sarcinatritaesnlpiantiam
1871 1507 1941 1552 uere
1958 1502 2289 1587 convertatur;jam·

733 1582 950 1675 proprietates
963 1586 1083 1672 panis,
1117 1588 1170 1679 qui
1184 1574 1342 1652 verosunt
1382 1600 1457 1646 vero
1471 1576 1644 1647 accidentia
1653 1604 1721 1647 non
1737 1574 1865 1675 possunt
1878 1587 1996 1652 mutari
2006 1588 2040 1655 in
2049 1584 2258 1679 substantiam,

742 1674 786 1746 illi
807 1670 963 1751 effellus?
989 1679 1058 1753 libr.
1070 1674 1130 1749 111.
1146 1662 1187 1749 dc
1213 1676 1348 1768 euehat.
1383 1673 1553 1768 quomodo
1581 1699 1662 1771 ergo
1686 1687 2004 1771 poterunt-nutrice?
2031 1687 2188 1767 Sidicas,
2216 1697 2258 1761 di·

457 1788 569 1849 'c.23.
594 1771 672 1845 dicit
690 1772 1050 1855 Bellartninus,diuino
1071 1778 1340 1869 -miracnlofieri',
1383 1775 1458 1843 vino
1481 1774 1634 1842 miraculo
1655 1776 1733 1842 illud
1753 1775 1834 1868 'fieri
1861 1776 1971 1873 papiae,
2004 1778 2256 1878 respondemur.

462 1886 503 1945 att
515 1876 689 1944 accidentia
696 1879 793 1968 panis
806 1876 970 1955 nutriant,
994 1880 1215 1959 intonarunt
1231 1878 1265 1945 in
1278 1900 1343 1944 rna-
1384 1874 1493 1941 Deum
1517 1867 1583 1939 linc
1596 1876 1685 1940 omni
1703 1874 1775 1941 cibo
1791 1880 1852 1953 111⁷„
1865 1873 1981 1948 fculose
2005 1906 2126 1979 corpus
2140 1884 2254 1959 conser-

462 1996 534 2073 gna
554 1976 644 2067 copia
653 1971 849 2066 sumantur.
900 1976 1001 2070 Digni
1016 1976 1085 2044 sanc
1109 1991 1198 2044 erant
1222 1972 1267 2043 illi
1284 1972 1343 2041 lto·
1386 1992 1459 2037 vere
1476 1962 1588 2062 posse,
1616 1964 1667 2039 sed
1684 1969 1759 2064 quid
1773 1972 1838 2040 hoc
1852 1974 1892 2041 'ud
1916 1970 2104 2050 sententiam
2120 1986 2256 2057 Pontib·

464 2072 587 2156 minet,
610 2094 645 2140 ut
686 2093 721 2139 er
736 2065 880 2139 mensem
897 2095 989 2142 mero
1006 2074 1110 2143 odore
1126 2077 1214 2167 panis
1227 2072 1343 2140 aerini
1387 2068 1512 2135 ciorum
1526 2059 1623 2137 facit?
1647 2067 1679 2134 Si
1699 2066 1739 2137 ad
1755 2071 1944 2140 miraculum
1959 2072 2185 2174 confugiunt,
2209 2111 2260 2156 eut

350 2211 355 2217 -
463 2163 539 2239 satis
556 2094 687 2262 copiosi
704 2164 845 2261 adposui
870 2171 1088 2261 nutrirentur,
1114 2186 1148 2238 ut
1170 2168 1342 2266 figmento·
1385 2164 1526 2240 addunt,
1557 2167 1697 2259 requiri,
1722 2178 1758 2234 nt
1785 2169 1817 2234 iu
1842 2194 1959 2267 rrrrrgna
1984 2179 2077 2268 topia
2092 2165 2261 2256 accidentia

464 2287 539 2337 rum
564 2258 698 2335 suorum
733 2262 833 2335 fidem
859 2266 951 2338 nobis
977 2264 1133 2341 facerent.
1197 2273 1342 2338 Donatus
1375 2260 1575 2354 selemniter,
1603 2286 1725 2357 ergone
1741 2269 1827 2334 Deus
1848 2292 1906 2361 per
1919 2272 2097 2370 accidentia
2114 2281 2148 2348 in
2169 2304 2260 2376 parva

392 2401 394 2404 ·
469 2359 643 2438 Marcellus
671 2363 711 2434 ab
740 2360 877 2432 Horllio
904 2368 1032 2438 medico
1066 2365 1205 2464 insigni,
1237 2368 1341 2441 amico
1386 2361 1478 2455 copie
1497 2353 1643 2429 adsumta
1667 2360 1779 2430 divino
1797 2365 1956 2435 miraculo
1986 2393 2054 2440 uon
2080 2379 2187 2469 potest
2209 2407 2262 2451 nu·

466 2456 764 2558 nostro-singulari,
792 2484 858 2531 non
876 2467 918 2531 ita
933 2463 1061 2560 pridem
1078 2467 1111 2535 in
1124 2466 1227 2534 lucem
1241 2463 1341 2535 editur
1385 2462 1486 2527 trite?
1527 2457 1626 2528 Addit
1661 2462 1755 2527 etiam
1789 2459 2017 2545 Bellarminus,
2046 2481 2262 2567 proprietatis

465 2560 502 2630 in
516 2558 588 2631 bist.
607 2559 722 2629 medic.
737 2560 848 2628 mirab.
863 2558 935 2648 libr.
953 2565 1007 2634 tv.
1025 2561 1169 2660 capgya.
1194 2565 1276 2639 inter
1287 2586 1344 2652 exg
1378 2559 1478 2647 porris
1491 2558 1524 2624 in
1538 2558 1596 2624 illis
1608 2560 1818 2628 accidentibus
1832 2585 1980 2657 intonuere,
2006 2566 2049 2638 fic
2077 2594 2162 2668 ergo
2184 2582 2260 2649 acci.

466 2654 575 2753 empla
596 2653 795 2728 miraculos-e
818 2658 932 2729 inediae
947 2685 983 2729 ex
996 2660 1142 2757 Johanne
1159 2657 1341 2730 Alexandri·
1383 2653 1488 2723 dentia
1504 2652 1555 2722 illa
1570 2677 1663 2722 erunt
1676 2661 1784 2750 gravia
1800 2656 1848 2727 vel
1865 2657 1955 2729 levia.
2007 2666 2079 2737 Nos
2100 2667 2259 2767 figmenti

466 2778 512 2826 no
541 2751 666 2843 refert,
697 2756 923 2827 Democritum
953 2757 1188 2839 Abderitanum
1215 2755 1338 2832 mellis,
1389 2749 1447 2819 illis
1464 2751 1528 2819 hoc
1545 2755 1759 2846 opponimus:
1785 2753 2261 2853 fipabispetconsecratiouem

468 2850 519 2922 vel
541 2875 576 2923 ut
596 2849 649 2922 alii
678 2850 812 2930 volunt,
859 2856 924 2921 anis
949 2854 1078 2926 calentis
1097 2853 1201 2923 odore
1221 2855 1362 2949 quatri,
1385 2852 1542 2919 amitteret
1558 2845 1878 2940 luarnsubstantiam,
1904 2859 2066 2932 atuitteret
2081 2872 2180 2940 etiam
2196 2868 2259 2941 luas

467 2947 535 3019 duo
548 2953 652 3019 uitam
681 2943 814 3019 sustenta
842 2975 876 3030 e,
901 2947 951 3020 sed
974 2956 1060 3023 reue
1079 2948 1198 3021 ibidem
1216 2950 1339 3041 addit,
1380 2951 1634 3041 proprietates&
1654 2939 1806 3025 effecius,
1837 2948 1995 3046 fiquidem
2013 2957 2075 3028 illae
2088 2956 2259 3038 fundantur

468 3046 587 3119 odores
617 3050 651 3118 in
679 3044 883 3118 exhalatione
913 3048 1050 3145 quadam
1090 3048 1247 3130 tctateciali
1268 3044 1340 3119 fun·
1383 3044 1595 3112 inlubliantia
1610 3047 1730 3137 'panis‚
1756 3047 1790 3112 hi
1805 3074 1841 3118 ex
1859 3070 1969 3120 natura
1990 3060 2085 3149 panis
2107 3067 2254 3134 oriuntur,

347 3140 349 3146 ’
467 3144 560 3219 datos
583 3144 663 3225 elle,
697 3150 732 3217 ἀ
761 3145 844 3213 hanc
868 3150 1080 3220 nutritionem
1106 3169 1165 3241 per
1203 3145 1340 3218 odorem
1384 3142 1858 3236 Deniquequartaratioerat,
1883 3153 1991 3218 uocari
2197 3242 2204 3249 .

466 3240 549 3324 ultra
576 3242 645 3313 dice
672 3258 733 3313 tres
757 3241 805 3314 vel
834 3258 975 3337 quatuor
1006 3272 1075 3316 non
1103 3238 1190 3337 posse
1215 3263 1340 3342 protra-
1378 3262 1519 3331 panua,
1547 3241 1877 3334 quiomorebelraico
1895 3250 1996 3316 omnis
2045 3249 2100 3332 4.)
2119 3251 2253 3341 Quiane·

465 3341 529 3420 hi,
569 3339 646 3411 ideo
695 3339 785 3437 quod
828 3340 990 3412 Oribastus
1018 3369 1049 3440 p.
1080 3340 1188 3414 affeci.
1219 3365 1341 3412 comm.
1389 3340 1713 3428 ribusdicitnrpanir.
1741 3337 1996 3438 .Resp.aposto-
2061 3333 2213 3430 retentatur
2232 3355 2252 3393 a·

473 3462 527 3512 ra.
554 3435 687 3516 scribit,
721 3432 952 3537 philosophum
981 3440 1144 3537 quendam
1169 3438 1209 3508 ad
1236 3439 1339 3510 mellis
1384 3432 1437 3518 lue,
1463 3455 1620 3505 notanter
1630 3435 1721 3505 addit
1751 3461 1866 3533 panem
1892 3443 1996 3521 lunc.
2043 3414 2233 3551 dffss‘m'.

382 3589 387 3596 -
467 3537 606 3610 odotem
628 3560 687 3630 per
714 3535 923 3633 quadraginta
945 3537 1011 3609 dies
1031 3532 1167 3614 vixisse,
1194 3543 1225 3608 in
1249 3562 1289 3606 eo
1310 3562 1340 3606 a·
1392 3527 1516 3629 respicit
1540 3556 1617 3627 ergo
1639 3534 1679 3601 ad
1704 3533 1792 3605 illum
1816 3532 1920 3633 ipsum
1940 3566 1996 3635 pa·
2171 3510 2247 3574 m

493 3631 689 3707 noscendum
716 3627 778 3703 elle
802 3629 944 3729 sphalma
964 3636 1253 3734 typographicam,
1275 3659 1342 3732 quo
1386 3635 1463 3701 nem
1476 3676 1488 3709 ,
1511 3633 1626 3725 dequo
1640 3629 1780 3712 dixerat,
1805 3629 1896 3732 quod
1912 3636 2056 3709 Cluilius
2074 3639 2249 3713 illumacce·

467 3660 694 3828 iocoquatuor
709 3730 846 3826 adposui
864 3728 922 3800 lint
939 3735 1157 3831 quadraginta.
1208 3735 1343 3802 Manat·
1387 3733 1491 3825 perit,
1518 3723 1675 3824 fregerit,
1700 3748 1794 3827 atquc
1809 3733 1850 3802 ad
1878 3735 2142 3810 manducandum
2159 3739 2248 3812 distri·

469 3827 529 3902 dus
550 3831 644 3900 etiam
667 3827 743 3900 libr.
762 3829 877 3896 XVIII.
895 3830 982 3923 episi.
1000 3840 1032 3901 6.
1060 3836 1164 3928 a'rguit
1192 3855 1266 3909 cos,
1288 3834 1343 3928 qni
1389 3830 1513 3905 buerit,
1541 3831 1637 3923 igitur
1655 3827 1810 3923 generalis
1827 3828 1877 3901 illa
1903 3831 2097 3930 fignificatio
2123 3841 2176 3909 hic
2197 3860 2246 3908 non

469 3947 582 4025 putant
613 3925 754 3998 odorem
781 3949 841 4022 pro
863 3891 927 3994 scia
953 3929 1102 4025 qualitate
1125 3924 1263 3999 sumtum
1288 3954 1343 4023 per
1390 3924 1616 3997 habetlocum.
1668 3927 1965 4003 Demonslrandum
1991 3933 2057 4011 cll.
2085 3937 2246 4031 apostolum

471 4026 635 4121 speciem,
660 4049 758 4122 quam
776 4041 888 4093 vocant
904 4027 1159 4108 intentionalem,
1185 4025 1262 4097 nulli
1274 4024 1344 4097 sub·
1393 4045 1527 4119 propter
1547 4024 1631 4091 hanc
1648 4019 1775 4093 causam
1790 4028 1899 4099 cibum
1917 4031 2162 4104 eucharisticum
2175 4053 2245 4104 voer-

446 4122 592 4195 ·-tianttae
622 4125 762 4193 innixam
795 4119 833 4189 ad
864 4124 1032 4195 cerebrum
1066 4125 1239 4214 accedere,
1270 4150 1344 4196 cum
1391 4144 1576 4217 reponem,
1613 4120 1687 4191 alias
1710 4126 1901 4220 principium
1924 4131 2039 4223 petitur
2062 4130 2244 4228 &signent

425 4269 432 4289 .
468 4228 556 4319 juxta
574 4218 779 4294 Aristotelem
801 4219 885 4290 odor
902 4217 937 4289 st
954 4225 1080 4309 fumida
1097 4228 1253 4319 quaedam
1267 4246 1344 4294 eoa·
1389 4220 1530 4292 humana
1547 4217 1621 4287 loco
1638 4220 1723 4287 verbi
1738 4219 1838 4293 divini
1854 4226 2077 4298 obtruduntur.

463 4321 617 4416 paratio,
642 4323 765 4409 &juxta
782 4315 960 4396 Galenum,
985 4323 1118 4414 ffuxns
1134 4326 1264 4419 quidam
1278 4345 1346 4393 cor.

344 4422 350 4434 '
466 4444 596 4515 porum.
643 4414 1344 4514 Sedcumcxbypothcsrpontificiorumpa·
1437 4410 1475 4512 §
1503 4414 1667 4492 CXXVI·
1696 4417 1747 4487 Ad
1775 4417 1997 4493 confirmatio·
2048 4463 2158 4525 Exlaca
2176 4455 2241 4523 pap.

469 4520 518 4588 nis
540 4512 764 4589 eucharisticus
776 4538 969 4611 corpoream
985 4513 1189 4600 substantiam
1205 4512 1345 4587 amiserit
1390 4535 1467 4582 nem
1484 4517 1574 4605 hujus
1589 4513 1719 4584 secundi
1737 4522 1915 4613 argumenti
1924 4542 1996 4613 per·
2049 4564 2085 4602 ,ω
2101 4569 2110 4605 ,
2125 4536 2241 4604 c„‚x.n.

416 4623 423 4634 '
471 4639 629 4693 omnem,
656 4614 730 4684 ideo
758 4612 845 4683 odor
872 4622 960 4705 ejus,
991 4614 1180 4713 nequidem
1207 4613 1248 4684 ad
1273 4638 1345 4684 mo·
1392 4613 1471 4679 tinet
1497 4610 1595 4685 illud,
1631 4612 1718 4708 quod
1744 4612 1856 4684 Paulus
1880 4639 1996 4708 panem
2047 4643 2146 4683 carrera
2178 4629 2241 4708 ertu·

432 4715 616 4785 ‘mentum
647 4714 769 4781 nutrire
796 4714 925 4807 poterit.
975 4716 1016 4784 Et
1040 4733 1149 4785 tamen
1178 4714 1345 4785 simonius
1392 4709 1629 4778 eucharisticum
1645 4716 2000 4785 vocetcommuoicatio-
2045 4703 2230 4831 lamenting

472 4805 652 4881 monachus
676 4808 748 4880 libr.
772 4811 812 4881 V.
843 4807 884 4879 de
914 4807 1010 4906 gellis
1036 4814 1146 4882 Franc.
1171 4838 1201 4884 c.
1226 4833 1278 4887 29·
1296 4808 1346 4877 fle
1389 4831 1461 4878 nrm
1476 4812 1617 4900 corporis
1635 4808 1753 4904 Ciristr'
1778 4813 1879 4879 ¹Cor·
1889 4818 1929 4882 X·
1946 4824 1998 4883 ¹6·
2048 4779 2203 4843 ”mm

472 4904 643 4979 Ludovico
663 4910 720 5003 pio
737 4902 853 4985 refert,
877 4906 965 5004 quod
976 4935 1039 5004 per
1052 4914 1179 5005 quadra
1205 4910 1347 4978 inradies
1391 4903 1534 4977 undelic
1553 4904 1744 5001 colligimus.
1795 4908 1886 4977 Nihil
1925 4936 2001 5006 pro.

462 5003 538 5100 fiola
553 5003 738 5098 eucharistia
758 5006 925 5078 oiliitarit.
978 5006 1158 5083 Aristoteles
1178 4934 1252 5077 libr.
1270 5012 1291 5073 l.
1307 5002 1349 5073 dc
1393 5007 1464 5101 prie
1480 5002 1543 5072 dici
1564 5004 1668 5098 potest
1689 5011 1943 5077 communicatio
1953 5006 1999 5080 sui

474 5096 582 5199 'gener
600 5110 635 5175 dc
652 5121 790 5198 corrupt.
807 5120 881 5174 text.
903 5126 963 5183 41.
984 5104 1024 5176 de
1044 5103 1351 5176 discriminc⁶nutci
1381 5100 1495 5208 ipsius.
1544 5105 1577 5172 Si
1602 5126 1681 5199 crgo
1696 5107 1787 5201 panis
1810 5111 1943 5200 proprie
1963 5108 2007 5178 cll
2027 5108 2176 5187 corvaria
2194 5118 2244 5176 cot·

2184 5197 2245 5304 potis
