5375 6209
523 505 602 628 'nt
953 499 955 503 ’
1164 473 1676 634 tocr'xxrrclnx.
1790 467 1828 614 f

513 717 576 807 ''„.
593 721 673 800 uero
693 748 768 796 eum
786 721 837 792 illa
858 715 995 791 adsertio
1011 712 1120 788 nossrt
1134 719 1168 784 bc
1191 708 1325 807 srrnplex
1346 733 1417 781 ver·
1437 695 1675 794 'ne-constitit.
1697 731 1732 784 ttt
1752 711 1774 790 n
1793 713 1864 811 quis
1886 737 1957 784 eunt
1979 709 2076 798 inde,
2102 704 2282 806 presertim
2306 710 2339 778 in

540 881 566 908 ,‚
593 829 709 898 borunt
725 820 904 892 testamenti
927 816 1047 889 Chrilli
1062 809 1165 883 sensus
1185 812 1224 881 ab
1237 805 1417 880 adversariis
1458 810 1679 883 controvetlia
1701 837 1736 882 ac
1753 813 1807 883 lite
1825 810 1982 908 depellere
2012 810 2114 886 velite
2149 835 2227 881 eutn
2251 807 2341 878 valde

540 980 568 1007 „
594 930 823 1023 impugnatur,
864 922 897 988 dt
918 916 1016 985 veluti
1044 915 1216 1008 impius&
1243 908 1418 978 rationibus
1457 908 1550 979 bonis
1570 936 1607 979 ac
1636 910 1832 983 evidentibus
1857 909 2033 979 rationibus
2055 908 2249 979 inllrudium
2278 900 2341 977 elle

540 1076 568 1105 „
591 1049 672 1095 verat
685 1020 759 1093 fidei
781 1040 816 1088 re
839 1039 960 1112 ugnans
987 1017 1147 1105 rejicitur,
1174 1003 1314 1105 denique
1345 1009 1418 1075 trti-
1457 1031 1619 1104 oporteat.
1669 1013 1705 1078 ln
1719 1007 1840 1100 judicio
1862 1034 1994 1107 quoque
2009 1005 2053 1079 illi
2076 1006 2241 1079 incumbit
2260 1030 2340 1104 pto·

540 1172 570 1203 „
597 1121 674 1197 culis
701 1041 838 1214 symboli
861 1112 1049 1209 apostolici,
1080 1102 1258 1206 praesertim
1283 1104 1324 1176 de
1350 1103 1419 1175 Filii
1440 1103 1570 1185 bario,
1598 1108 1653 1206 qui
1667 1109 1834 1203 repudiato
1851 1102 1940 1177 sense
1958 1113 2067 1177 nativo
2083 1109 2336 1192 verborutntro·

542 1274 569 1304 „
594 1224 656 1295 Dei
680 1216 919 1291 incarnatione,
946 1204 1149 1280 adscenfione
1166 1208 1199 1275 in
1218 1203 1360 1292 colum,
1384 1208 1420 1274 dt
1458 1207 1571 1303 picutn
1586 1204 1737 1278 adstruit.
1764 1210 1914 1304 inpritnis
1934 1204 1957 1276 fi
1973 1211 2096 1302 tropica
2114 1203 2280 1302 usurpatio
2305 1200 2337 1271 fit

540 1370 569 1399 a,
596 1315 730 1391 leffione
749 1310 945 1385 addextrarn
970 1307 1207 1404 omnipotentis
1230 1305 1354 1373 virtutis
1385 1308 1418 1372 de
1459 1306 1651 1469 peregrina,
1679 1305 1827 1398 'obscura
1859 1315 1893 1378 δι
1922 1303 2079 1375 inusitata.
2128 1304 2337 1376 Bellanninus

516 1415 568 1503 '„
592 1414 764 1507 mejestatis
782 1415 869 1488 Dei,
907 1410 1137 1480 contrarius&
1163 1398 1300 1499 proinde
1319 1401 1417 1470 etiam
1472 1401 1764 1474 ibr.1.deeucbar.
1791 1413 1861 1500 cap.
1882 1428 1910 1479 9·
1937 1406 2337 1495 Nondeletttaetobitpe-

540 1569 570 1601 „
596 1510 692 1588 falsus
708 1508 772 1584 elle
783 1507 1010 1586 contenditur,
1035 1527 1109 1576 uera
1122 1496 1289 1600 solidaque
1303 1501 1419 1570 artieu·
1461 1511 1551 1578 tere.
1575 1526 1633 1572 tur
1640 1503 1826 1598 sequamur
1841 1493 2013 1603 proprium
2030 1502 2337 1596 uerborumsmsum.

542 1668 572 1712 a,
595 1615 702 1689 lorum
715 1609 844 1681 illoturn
860 1593 1419 1703 interpretationedemonstrandum
1462 1598 1569 1668 Simile
1593 1604 1676 1671 enim
1699 1605 1732 1670 id
1758 1599 1847 1699 effit,
1876 1628 1913 1673 at
1924 1606 1959 1702 fl
1979 1605 2050 1698 quis
2069 1612 2192 1692 peteret
2216 1603 2258 1672 ab
2281 1602 2337 1675 ns.

543 1771 572 1802 „
598 1717 667 1796 ell,
692 1706 834 1782 nollrttn
856 1704 943 1777 illatn
978 1697 1168 1773 sententiam
1197 1719 1295 1769 neca
1318 1695 1422 1766 verbis
1462 1698 1610 1796 quisunt
1645 1704 1679 1770 itt
1709 1703 1840 1782 itinere,
1865 1727 1923 1774 eur
1937 1701 2125 1798 seqttantur
2150 1704 2241 1772 viam
2260 1724 2338 1770 ιω..

545 1867 574 1900 a»
601 1808 747 1887 Christi,
774 1833 834 1879 nec
843 1804 884 1876 ab
899 1799 1036 1873 articulis
1049 1799 1108 1870 illis
1125 1796 1273 1869 diffidere
1281 1841 1316 1875 „.
1342 1794 1424 1897 llaec
1462 1822 1590 1869 munem
1607 1798 1654 1874 &
1673 1802 1813 1880 tritam,
1839 1827 1929 1873 nertio
1940 1798 2135 1894 euimfianus
2149 1803 2185 1870 id
2200 1799 2336 1897 quierit,

544 1913 599 1990 illi
649 1907 733 1984 Vide
755 1910 853 1980 etiam
868 1898 997 2003 apolog.
1011 1893 1115 1970 lorm.
1130 1894 1285 1970 concord.
1299 1915 1370 1990 cap.
1389 1900 1422 1960 6·
1464 1898 1515 1968 vel
1535 1921 1593 1969 eur
1613 1901 1836 1996 ingrediamur
1846 1926 1908 1996 per
1919 1913 2076 1996 portam,
2101 1920 2168 1968 note
2183 1896 2339 1996 perfeet-

750 2041 756 2050 ’
1454 1995 1585 2091 stram,
1612 2022 1645 2066 ut
1671 1995 1757 2065 idern
1786 1997 1929 2097 loquitur
1950 1999 2020 2070 libr.
2049 1997 2168 2067 eodem
2193 1997 2266 2080 ca'.
2283 2013 2339 2084 ¹rs.

864 2098 892 2201 ᾗ
932 2094 1063 2174 LXXI.
1082 2084 1425 2165 Porroverba-Cbrilli
1464 2096 1576 2167 Franc.
1592 2097 1708 2189 'junius
1721 2092 1788 2167 libr.
1803 2099 1842 2168 ll.
1861 2091 1940 2170 vers.
1963 2118 2018 2172 31.
2040 2111 2151 2167 contra
2175 2021 2342 2166 bellarmi-

586 2206 722 2299 'riparia
820 2203 854 2273 in
878 2198 971 2270 l'acrae
993 2218 1092 2268 coenae
1112 2191 1308 2262 institutione
1329 2182 1428 2259 eura*
1466 2218 1543 2264 num
1563 2192 1603 2266 de
1625 2191 1756 2266 clericis.
1808 2196 1965 2290 Simplicis
1992 2195 2039 2271 θ’
2063 2197 2171 2286 aperti
2185 2193 2343 2290 samonis

539 2304 772 2398 *inea-butenae
821 2302 864 2378 ed
877 2289 1163 2398 pradtsecundurn
1177 2290 1338 2365 nativam,
1369 2305 1422 2379 gt·
1454 2292 1630 2393 flmplitem
1653 2293 1960 2386 interpretationem,
1977 2318 2040 2364 note
2060 2292 2270 2390 multipliceter
2293 2286 2344 2390 effe

569 2384 752 2446 mmm·
821 2402 954 2474 aninam
982 2391 1193 2467 &literalem
1218 2382 1426 2481 significatio·
1466 2402 1601 2463 omer,
1655 2390 1713 2478 2,)
1732 2393 1929 2489 cumprimis
1945 2415 2022 2463 veto
2037 2393 2071 2463 jn

698 2501 703 2513 '
823 2517 1015 2576 nt¹1¹2110¹¹
1049 2493 1167 2583 ltvpltt
1191 2502 1245 2556 ²111
1273 2480 1427 2582 figurale
1466 2416 1627 2585 l'gripturae
1659 2490 1923 2586 interpretatione
1962 2490 2078 2562 verbo-
2124 2482 2349 2586 ndufrrqtif·

594 2555 736 2622 Pnbm'
824 2590 1009 2690 accipienda
1029 2581 1110 2663 elle,
1139 2583 1335 2657 ollendintus
1365 2579 1427 2674 pri·
1465 2612 1545 2657 sunt
1581 2588 1759 2694 proprietas
1788 2586 1987 2672 observanda
2007 2587 2072 2667 est,
2125 2570 2349 2666 ”l‘g'mf'ff

621 2741 627 2752 ·
679 2752 757 2794 mm
826 2719 884 2765 mo
902 2696 934 2758 in
948 2712 1092 2787 genere,
1119 2682 1255 2758 seeundo
1272 2677 1428 2785 inspecte.
1469 2682 1527 2756 nist
1541 2687 1605 2782 ipla
1627 2678 1838 2779 scriptura'ab
1854 2714 1889 2759 ea
1912 2713 1972 2759 nos
1985 2711 2072 2758 rece·
2123 2669 2154 2712 “
2202 2668 2338 2744 -m

554 2736 777 2901 :illicitam
824 2792 878 2880 l)
913 2786 1084 2856 Generalts
1143 2776 1430 2853 demonstrationes
1469 2783 1546 2856 dere
1562 2801 1669 2877 cogat.
1721 2786 1804 2856 Cum
1820 2792 1904 2856 enim
1919 2781 2076 2885 scriptura
2163 2741 2309 2813 mim

558 2901 679 2962 eemr'am
709 2910 778 2973 pru·
827 2882 968 2958 hesum.
1023 2884 1080 2972 t.)
1107 2879 1294 2989 Proprieteti
1312 2872 1435 2982 verbo·¹
1467 2909 1537 2953 non
1555 2879 1592 2952 sn
1608 2870 1925 2972 idlaeirrtttr‘ratue,
1953 2887 2073 2956 el’etr.
2310 2965 2314 2972 .

541 3007 543 3012 ·
572 3038 577 3048 ·
606 2978 729 3038 “mm''-
826 2981 1068 3057 ruminharere
1092 2978 1282 3050 tntissrmum
1306 2972 1432 3068 semper
1469 2984 1495 3054 1.
1514 3006 1567 3047 ιο,
1593 2980 1667 3050 ideo
1684 3005 1702 3049 a
1717 2986 1878 3077 genuino,
1904 2982 2018 3056 literali
2043 2988 2079 3057 ὰ
2100 2981 2210 3052 nerito
2233 2978 2354 3051 verbo·

790 3139 793 3152 ·
821 3081 924 3157 visum
938 3078 1001 3154 fult
1017 3074 1236 3177 prudentibus.
1247 3072 1417 3155 l.Labeo.7
1423 3124 1431 3141 ·
1453 3104 1543 3160 ,turn
1562 3073 1647 3150 sensu
1663 3078 1786 3150 nonest
1802 3082 2042 3162 recedendum,
2068 3101 2120 3154 aut
2140 3079 2271 3176 privato
2291 3101 2352 3149 ar·

555 3180 651 3262 tide
671 3177 908 3281 supelllegate.
956 3183 1037 3255 Non
1050 3202 1090 3249 ex
1105 3173 1303 3271 opinionibus
1311 3173 1430 3270 fingu-
1471 3178 1568 3248 bitrio
1592 3181 1769 3273 peregrinae
1796 3182 2079 3277 interpretationes
2102 3171 2346 3284 neopnndz,

556 3287 682 3362 lorum»
704 3281 765 3378 sed
797 3306 837 3354 ex
858 3283 1015 3355 tontmuni
1037 3276 1096 3372 ufta
1123 3277 1254 3345 nomina
1282 3265 1431 3343 exatldt'rt'
1471 3271 1526 3345 led
1544 3271 1666 3371 etipsa
1684 3277 1786 3346 verbis
1812 3277 1962 3350 sententia
1986 3281 2123 3375 Spiritus
2151 3267 2252 3344 la'ndli
2269 3272 2350 3342 bau·

454 3407 457 3414 '
555 3386 663 3456 debere
693 3383 822 3454 Seruius
828 3384 976 3478 fatetur.
1022 3378 1062 3447 Id
1086 3375 1213 3444 Tubero
1232 3394 1358 3470 parum
1369 3369 1432 3467 ſsln‘
1472 3374 1594 3444 rieoda.
1647 3372 1786 3444 Hilarius
1805 3374 1873 3447 libr.
1889 3379 1929 3451 V.
1947 3375 1989 3449 de
1999 3377 2199 3448 Triniteiee·
2215 3373 2351 3444 Exuer·

557 3483 677 3581 liquere
699 3484 759 3555 ait.
809 3482 899 3553 Nam
926 3476 1078 3576 quorsum
1100 3475 1245 3556 uomina,
1273 3468 1430 3565 (inquit)
1470 3476 1517 3545 bis
1519 3471 1648 3566 senjitm
1653 3471 1851 3568 sequamur,
1877 3501 1918 3547 ex
1926 3473 2027 3572 sensu
2046 3476 2230 3551 rationem.
2254 3468 2303 3546 ἔθ’
2314 3495 2351 3554 eat

553 3585 614 3681 niſs
627 3593 663 3650 ut
678 3578 928 3674 demonstrarent
951 3579 1146 3647 voluntatem
1165 3566 1320 3640 dicentis?
1348 3569 1433 3662 equi·
1470 3576 1599 3643 ratione
1626 3574 1799 3642 ueritatem
1818 3575 2105 3669 adprehenduntur.
2157 3572 2346 3670 Augustinus

556 3685 626 3750 dem
642 3702 705 3747 nort
729 3681 872 3747 arbitror
896 3697 1088 3774 quemquam
1120 3673 1238 3753 dicere,
1263 3673 1347 3763 quod
1369 3689 1432 3741 nort
1474 3670 1545 3743 libr.
1562 3674 1585 3740 1.
1600 3695 1659 3766 qq.
1677 3673 1710 3738 in
1731 3667 1844 3743 Genel.
1857 3697 1928 3769 cap.
1948 3694 2002 3748 ει.
2029 3673 2222 3767 Scripturue
2234 3670 2343 3765 socru

547 3776 707 3876 sentiret.
735 3788 773 3845 ut
792 3781 929 3846 maxime
942 3768 1150 3864 nomineusus
1155 3768 1227 3870 fit,
1255 3769 1432 3864 quoidad·
1455 3772 1498 3878 s
1519 3769 1735 3859 defenduntur
1760 3770 1939 3863 seeundum
1969 3771 2140 3842 locutiones
2172 3772 2337 3865 proprias,

549 3877 668 3975 pellarl
678 3875 783 3971 fhlet,
807 3900 885 3946 nam
909 3875 992 3942 uocis
1007 3872 1082 3960 mirri
1110 3873 1175 3940 erio
1197 3868 1340 3955 utimur,
1365 3889 1435 3936 eae·
1460 3892 1554 3968 'quae
1567 3868 1769 3961 adpellautur
1784 3871 1965 3954 idiomata,
1990 3867 2112 3967 qudulo
2128 3867 2334 3968 magirseeee

557 3990 663 4048 terum
685 3999 775 4044 uento
800 3972 1057 4061 existimandum
1106 3964 1235 4065 dixiffe,
1262 3968 1347 4061 quod
1369 3989 1434 4034 uon
1473 3974 1550 4041 alum
1579 3992 1656 4042 eas,
1696 3990 1777 4063 quas
1807 3993 1878 4039 eum
1909 3967 1981 4041 aliis
2008 3989 2188 4040 commum
2223 3961 2329 4039 mm,

437 4091 443 4116 ¹
490 4145 492 4149 ,
556 4088 692 4147 meutea
717 4076 857 4144 itauerit.
907 4074 967 4140 Sed
979 4070 1034 4161 etfi
1055 4087 1246 4165 magnopere
1262 4075 1311 4133 m'e
1331 4064 1435 4133 Tube·
1473 4064 1679 4141 Bellarminus
1697 4065 1861 4138 libr.l.de
1880 4065 2093 4160 eucbntill.e.
2110 4090 2143 4146 9.
2172 4065 2327 4161 Nettqeete

458 4194 462 4201 '
555 4176 644 4246 ranis
658 4099 715 4247 ἕξ
725 4175 811 4241 ratio
831 4169 877 4245 ij
900 4168 1218 4253 aanorreasmoaee,
1245 4176 1433 4233 nontamen
1474 4168 1685 4238 dimittendus
1704 4170 1864 4258 proprius
1885 4171 2053 4244 uerborum
2063 4161 2210 4262 sensus,
2232 4163 2324 4265 siste

556 4295 580 4344 a
595 4274 704 4342 Seruio
716 4267 885 4369 dissentio,
911 4272 973 4364 (ait
987 4264 1107 4354 Celsus)
1123 4287 1187 4334 eron
1203 4265 1302 4333 uideri
1322 4286 1430 4357 quem·
1471 4288 1594 4365 gamttr
1620 4266 1659 4333 ab
1679 4264 1787 4358 aliqua
1811 4266 1877 4336 aliu
1900 4266 2085 4360 scriptura,
2113 4265 2165 4337 vel
2184 4268 2224 4336 ab
2243 4265 2321 4358 uqult

556 4396 657 4469 quam
681 4366 812 4467 dixiffe,
839 4371 942 4469 -tujus
967 4390 1030 4437 uon
1047 4363 1112 4457 suo
1134 4365 1259 4434 nomine
1280 4361 1356 4456 usus
1376 4360 1433 4461 fit.
1474 4360 1720 4456 articulofidei.
1747 4365 1888 4461 alioquin
1900 4349 2017 4461 peribit
2019 4361 2203 4461 fidem&
2213 4363 2320 4460 solere»

555 4473 646 4550 Nam
663 4470 718 4569 etſs
734 4473 831 4563 prior
853 4479 949 4564 atque
966 4463 1129 4559 potentior
1150 4460 1213 4557 est,
1239 4485 1334 4556 quam
1349 4485 1432 4538 voxs,
1475 4464 1611 4538 monebit
1629 4464 1735 4555 opinio
1752 4466 1893 4536 derebus
1906 4463 2120 4545 diuinis','&
2132 4454 2319 4560 portuiefiss'·

558 4572 806 4641 menrdittutr't:
832 4580 939 4638 tumen
951 4563 1122 4659 nemofine
1134 4584 1206 4631 uoce
1223 4557 1330 4659 aliatrffe
1344 4559 1435 4656 aesti-
1475 4566 1516 4635 tis
1541 4564 1701 4632 erroribus
1715 4567 1888 4655 aperietur.
1911 4560 2046 4635 Urfinus
2058 4568 2096 4658 'in
2108 4555 2322 4662 explicuerit

518 4743 531 4761 .
554 4680 691 4755 mutter,
716 4668 870 4766 nistsorte
889 4665 936 4740 θ’
952 4688 1023 4742 eos,
1046 4664 1100 4756 qui
1116 4661 1200 4757 loqui
1220 4685 1280 4732 nott
1291 4657 1433 4755 poffuett,
1476 4689 1508 4762 p.
1526 4684 1604 4746 509.
1631 4658 1790 4754 disputans
1804 4681 1913 4733 contra
1944 4661 2164 4760 Anabaptilles
2186 4662 2325 4734 nemore

554 4779 677 4862 ,conatu
713 4765 777 4859 ipso
811 4764 858 4839 δ’
880 4765 964 4858 soem
996 4767 1131 4859 quodam
1159 4755 1262 4861 'bill
1282 4755 1434 4860 α’νάρθρῳ
1473 4757 1681 4859 syrtetdoclteu
1707 4764 1739 4828 in
1762 4762 2004 4857 vocefamiliae
2024 4763 2064 4831 ab
2082 4755 2328 4856 apollolisbapfi·

506 4890 508 4894 .
559 4863 665 4965 φωνῇ
674 4912 686 4953 ,
710 4861 817 4960 idest,
841 4864 1049 4934 inarticulata
1067 4884 1138 4931 voce
1158 4864 1258 4929 dicere
1279 4860 1436 4953 exssima·
1476 4878 1566 4936 rate.
1620 4859 1695 4928 Note
1722 4857 2013 4953 estdeeurrendum
2039 4866 2084 4931 ad
2095 4858 2274 4960 figuram,
2293 4854 2338 4927 „ll-

557 4989 641 5037 nrur.
692 4965 782 5059 Ergo
799 4967 853 5059 qui
873 4966 905 5031 in
925 4962 1090 5032 communi
1112 4981 1234 5028 vocum
1252 4961 1386 5028 notione
1405 4960 1437 5025 in
1479 4956 1618 5053 nallaest
1633 4962 1739 5032 ratio,
1764 4981 1894 5031 curuo„
1902 4965 2084 5031 retineatur

555 5058 765 5161 intelligendo
782 5061 891 5155 aliquo
905 5053 1023 5155 scripto
1041 5056 1090 5127 vel
1103 5052 1256 5126 serrnone
1270 5052 1437 5131 consulit.
1470 5057 1633 5154 sententia
1650 5059 1815 5149 propria.
1849 5057 2081 5148 3.)M.1xime
2132 5059 2187 5135 e.)
2208 5056 2255 5119 Ex
2273 5070 2336 5120 mu·

448 5181 451 5188 ’
552 5166 580 5233 is
598 5159 912 5237 velutincommuni
938 5160 990 5230 tie
1013 5155 1145 5230 ecvelut
1163 5148 1438 5251 insuapollellio·
1478 5160 1627 5228 omniurn
1644 5159 1677 5225 in
1696 5156 1992 5255 diuinispraeceptit‚
2007 5178 2083 5251 pro·
2137 5156 2318 5226 '‘emti“

1985 5250 2087 5356 tuns
