5375 6209
1034 551 1037 561 '
1143 558 1342 646 CAPUT
1394 561 1554 647 XXVI.

883 689 945 771 De
997 690 1274 770 ceremoniis
1306 689 1459 771 'totos
1508 691 1813 769 Socromroti.

446 826 591 917 ſtrgusos
626 824 668 890 de
701 818 894 886 ceremoniis
925 817 1121 884 eucharistiae
1142 820 1247 886 adfert
1291 821 1322 900 §.

494 910 670 982 CCLXIII.
714 908 860 973 Tandem
879 902 953 968 finis
967 905 1042 968 huic
1062 906 1202 972 articulo
1220 908 1324 990 impo-

488 999 641 1070 nitur&
663 991 739 1081 usas
772 1005 867 1078 atque
888 990 1027 1076 doinitio
1053 991 1250 1057 eucharistiae
1291 993 1320 1073 5.

436 1108 449 1131 ψ’
490 1082 664 1154 cclxiv.
703 1090 803 1166 atque
832 1077 992 1141 coronidis
1017 1078 1092 1142 loco
1119 1078 1322 1163 precationes

486 1172 634 1258 quaedam
649 1180 794 1234 veterum
810 1167 845 1230 in
860 1163 920 1229 usu
932 1163 1123 1254 eucharistiae
1131 1163 1254 1233 usitate
1270 1185 1323 1232 re·

443 1315 447 1322 .
486 1254 655 1327 censentur
683 1253 714 1335 §.
734 1250 891 1321 CCLXV.

1446 804 1482 868 ⁵*
1505 817 1624 885 Editor
1647 819 1680 881 in
1700 831 1775 884 nota
1799 818 1918 884 adiecit
1946 816 2178 891 observationes
2199 828 2245 893 de

1506 904 1713 991 suppofititiis
1726 904 1833 969 Marci
1848 905 1883 969 dr
1892 904 2017 989 Jacobs
2030 912 2187 996 liturgiis,
2200 930 2243 980 ex

1504 991 1622 1142 quibus
1643 988 1695 1093 bae
1716 1008 1829 1093 preces
1850 990 2002 1093 desumtae
2019 993 2113 1099 sum,
2142 1001 2179 1065 dc
2200 993 2242 1065 de

1476 1077 2246 1259 *altissidiiiiisiildidtil:
2280 1177 2285 1186 ·

1501 1249 1665 1318 hibentur.

916 1401 1415 1491 SUPPLEMENTUM
1467 1396 1771 1486 nomoms'.
1831 1353 1835 1360 ’

438 1540 492 1629 I.)
514 1482 567 1610 Aa
585 1546 813 1624 argumentum
828 1535 956 1601 devera
977 1534 1013 1601 da
1034 1534 1111 1600 reali
1125 1538 1269 1621 corporis
1282 1538 1319 1606 dr

438 1675 443 1682 -
485 1627 652 1711 sanguinis
668 1624 782 1691 Christi
803 1621 1021 1725 praesentiqin
1038 1620 1062 1686 s.
1081 1641 1175 1685 cuna
1194 1624 1319 1724 'Editor

484 1707 1318 1888 irritarentur:nortuum:

481 1889 615 1961 ticum,
640 1884 675 1948 id
692 1882 778 1967 quod
793 1883 836 1947 ita
850 1881 993 1966 peregit,
1016 1889 1064 1951 ut,
1081 1876 1225 1944 exhibito
1241 1880 1319 1946 scri-

483 1983 615 2058 ptorum
627 1969 687 2035 bac
699 1967 866 2034 occasione
888 1967 1053 2033 editorum
1074 1962 1184 2045 censu,
1209 1966 1317 2034 obser.

484 2067 574 2124 earet

485 2164 525 2254 ι)
545 2163 959 2249 Hermonnumpraecipur,
978 2156 1318 2247 quibusdottrinaao.

526 2252 723 2331 dranititur,
743 2245 1229 2326 fundamentahaudsubrnisse3
1254 2252 1318 2314 nec'

484 2361 526 2451 2)
547 2362 623 2428 novi
646 2362 751 2447 quid,
780 2357 866 2443 quod
890 2358 1026 2425 alicuiue
1042 2353 1119 2424 esset
1141 2360 1314 2440 momenti,

429 2443 434 2451 ’
523 2447 687 2524 attulifl'e3'
702 2447 794 2532 quod,
805 2444 963 2539 speciatim

482 2561 523 2650 3)
545 2562 692 2630 voculam
714 2589 765 2639 ες,
786 2559 929 2637 adtinet,
952 2578 1018 2625 non
1042 2556 1201 2643 probasse,
1226 2563 1315 2645 quod

462 2694 465 2700 ·
523 2660 580 2730 ista
595 2680 654 2746 per
670 2680 710 2728 eo
725 2652 887 2748 figm'firot
904 2656 985 2719 verti
1004 2653 1140 2729 debeat3
1166 2671 1227 2717 nec

425 2843 429 2848 .
484 2776 525 2865 4)
546 2773 743 2851 locum‘Joh.
762 2770 825 2841 VI.
843 2790 887 2856 54
906 2771 946 2835 de
960 2770 983 2836 s.
999 2782 1091 2835 'coena
1112 2790 1229 2854 agere;
1251 2788 1312 2836 nec
1367 2816 1371 2822 .

428 2913 439 2945 r
483 2886 525 2975 5)
547 2907 587 2952 err
602 2906 642 2950 eo
656 2883 843 2956 sententiam
856 2881 993 2980 nostram
1002 2879 1204 2981 absurditatis
1219 2880 1313 2961 argui

525 2971 730 3144 porgeqequia
744 2988 860 3088 corpur
875 2965 988 3032 chrisa
1002 2986 1068 3032 ram
1084 2964 1123 3031 fit
1150 2985 1185 3031 m
1199 2966 1312 3085 ΔοοιεΙος

437 3151 442 3156 ’
480 3163 522 3253 6)
544 3165 751 3233 smstraneam
767 3163 829 3233 esse
847 3182 995 3251 operam,
1019 3182 1115 3249 quam
1134 3162 1168 3227 in
1188 3180 1310 3247 conge·
1362 3219 1364 3222 ,

522 3256 632 3317 rendis
664 3256 807 3336 maique
830 3252 983 3338 exemplis
1007 3263 1102 3337 atque
1121 3250 1310 3316 testimoniia

522 3338 649 3423 posuit;
673 3336 834 3421 speciatim

479 3443 521 3533 7)
541 3446 624 3512 nihil
638 3448 793 3511 momenti
806 3445 1234 3514 habereLntheranorumad
1243 3448 1308 3516 Re·

520 3530 676 3599 inrmatoa
695 3530 959 3617 trmragrefforum
975 3535 1138 3619 exempla5
1212 3592 1215 3595 i

475 3640 518 3729 8)
539 3643 620 3707 male
634 3642 775 3727 denique
789 3660 866 3706 eum
890 3642 931 3706 ad
948 3642 1023 3706 loca
1047 3653 1172 3728 patrum
1190 3661 1307 3733 provo·

498 3775 501 3779 -
522 3726 624 3806 cane,
645 3747 678 3814 r·
695 3726 866 3813 434·4a⁶·

427 3834 499 3924 Π.)
519 3838 570 3903 De
597 3837 747 3922 dogmate
775 3832 1147 3923 Tronoy'rrbjiantiotionis
1162 3836 1307 3903 observa·

477 3926 584 3989 tiones
590 3922 968 4006 historico-theologicas
976 3923 1156 4009 adspergit,
1171 3942 1307 4009 quarum

477 4006 599 4076 summa
611 4010 675 4074 huc
691 4010 794 4074 redit:

477 4114 518 4203 1)
539 4116 768 4203 antiquissimos
777 4127 884 4185 eoetus
893 4118 1050 4186 christiani
1060 4118 1208 4186 deitates
1219 4119 1306 4190 suam

425 4239 440 4258 ··
518 4203 578 4271 nac
593 4207 634 4270 de
656 4205 1012 4291 remanteminscriptia
1026 4206 1092 4271 suis
1099 4206 1230 4272 subinde
1240 4219 1306 4274 tam

519 4289 653 4355 confuse
670 4288 705 4355 dt
721 4289 851 4355 obscure
866 4291 1057 4375 exposuisse,
1082 4304 1120 4358 ut
1135 4294 1248 4378 colligi
1257 4296 1308 4359 in·

519 4378 562 4443 de
576 4388 684 4462 queat,
706 4396 763 4439 eos
777 4376 954 4461 plurimum
969 4378 1023 4443 hic
1037 4375 1220 4456 flustuaiie3

473 4483 516 4570 2)
538 4486 573 4548 in
588 4485 661 4568 ipfis
682 4487 827 4550 conciliis
842 4486 924 4552 nihil
939 4476 999 4550 liae
1014 4487 1054 4552 de
1067 4508 1103 4553 re
1118 4488 1210 4556 fuisse
1225 4488 1308 4557 deii·

514 4573 618 4637 nirum
636 4583 710 4635 ante
724 4572 863 4637 secmum
882 4573 975 4641 VIII.

470 4678 513 4769 3)
536 4682 590 4746 ubi
608 4702 683 4746 vero
698 4682 797 4747 seculi
813 4682 873 4747 IX.
893 4684 1052 4749 evolvitur
1071 4684 1220 4765 historia,
1247 4705 1303 4752 va-

516 4769 579 4833 rias
595 4787 711 4853 easque
735 4767 793 4832 sibi
807 4789 851 4832 ,re
867 4781 1033 4852 'ugnantea
1058 4772 1165 4836 rursus
1189 4776 1303 4857 depre·
1331 4805 1333 4809 ’

451 4877 454 4882 ’
513 4853 615 4925 bandi
633 4854 811 4917 sententias.
849 4790 932 4929 (pluat
949 4854 1072 4939 fingula
1087 4858 1228 4935 uberius,
1245 4876 1312 4922 co·>

435 4973 441 5028 3
502 4938 677 5025 piolus&
694 4938 879 5016 dinanius,
895 4961 990 5025 quam
1005 4942 1136 5027 quidem
1152 4946 1194 5010 ob
1211 4945 1301 5029 spatii
1329 4979 1333 4985 ·

514 5023 693 5174 gagauden
708 5027 843 5091 indicari
858 5026 1008 5092 hocloco
1023 5030 1161 5115 poliunt,
1179 5048 1301 5116 pertra-

567 5125 653 5175 ntur.
703 5161 710 5175 .
806 5147 836 5165 -ι
874 5134 901 5177 1.

418 5215 507 5304 III.)
530 5221 578 5284 De
599 5132 1040 5308 constzroisoznrffuriaristiae
1058 5207 1118 5299 iis,
1151 5244 1224 5310 quae
1249 5225 1302 5292 su·

468 5307 572 5391 prob.
591 5304 777 5379 Gersrordus
797 5306 932 5395 Integra.
946 5327 1015 5397 cap.
1031 5308 1125 5382 XIII.
1136 5310 1171 5381 ἂ
1184 5312 1249 5400 ipse
1264 5314 1301 5385 'm

473 5412 622 5485 Tomd'.
831 5425 846 5437 ⁸

1373 1525 1500 1603 ¹'notis
1523 1536 1563 1599 ad
1585 1528 1615 1612 5.
1635 1532 1813 1602 CXLVIII.
1833 1552 1866 1618 p.
1890 1537 1965 1619 265.
1992 1535 2074 1623 seqq.
2099 1536 2245 1607 dissemit

1412 1622 1542 1774 fflgqr,
1560 1620 1655 1687 auam
1668 1619 1833 1705 subiungit
1847 1622 2066 1707 quaestionem,
2087 1626 2243 1693 nimirum

1413 1838 1458 1885 an
1482 1816 1539 1883 isso
1565 1814 1730 1883 veiorum
1753 1815 1961 1905 institutionis
1980 1824 2141 1900 recitatio,
2171 1841 2243 1908 qua

1458 1903 1671 1992 disiributioui
1709 1902 1924 1990 symbolorum
1972 1906 2240 1995 mcirristicorum
2304 1986 2308 1991 ,

1450 1993 1607 2077 promitti
1616 1988 1712 2074 solet,
1727 1991 1771 2078 fit
1784 1991 1840 2057 issa
1857 1989 2066 2077 conferretio,
2082 2014 2152 2079 prro
2166 2017 2242 2060 mox

1453 2097 1567 2160 corpus
1568 2074 1821 2161 sanguinemque
1830 2077 1941 2165 Christi
1945 2076 2116 2164 presentia
2131 2081 2240 2169 istut?

1453 2182 1497 2227 on
1516 2184 1589 2227 ocra
1606 2183 1687 2246 opus
1702 2161 1818 2251 ieirſst
1839 2164 2050 2248 triplicatione
2069 2157 2236 2233 verborum

1395 2290 1397 2294 -
1453 2249 1661 2336 institutionis
1675 2249 1872 2338 adfingulor
1888 2255 2148 2319 comnrunirantes
2157 2290 2174 2331 ,>
2189 2259 2240 2322 ita

1456 2335 1594 2417 quidem,
1615 2344 1664 2412 ret,
1679 2335 1708 2424 fi
1723 2334 1786 2399 iac
1802 2334 1956 2421 discrerit,
1971 2335 2239 2424 basaforromerrti

1455 2418 1598 2506 defecerit
1611 2424 1708 2500 ratio,
1719 2421 1749 2510 st
1762 2424 1811 2487 orl
1822 2425 1959 2487 maxime
1973 2422 2047 2510 usur
2061 2422 2237 2515 occrfflriti

1409 2530 1576 2615 Postquam
1597 2527 1759 2595 Latiam
1779 2528 2033 2597 Metrncirtonts
2052 2532 2238 2602 sententiam

1453 2617 1630 2702 adoptavit,
1654 2616 1829 2694 statuentis,
1855 2619 1888 2681 in
1908 2619 1973 2704 ipso
1991 2622 2122 2684 demum
2137 2623 2196 2687 usu
2212 2624 2236 2688 s.

1454 2701 2188 2859 nlnt‘aeiltl‘illinisti
2202 2710 2236 2774 s.

1451 2810 1536 2959 {pud
1553 2835 1693 2940 ecciesiae
1709 2876 1823 2944 nostrae
1840 2810 1991 2943 doetoies
2008 2814 2150 2945 obetinliaii
2165 2815 2237 2945 [εἴ

1448 2964 1560 3037 tentia,
1584 2973 1684 3027 totam
1698 2961 1857 3028 astionem
1870 2964 2129 3032 sacramentalem
2142 2969 2183 3033 ad
2197 2970 2234 3036 id

1449 3050 1586 3134 requiri,
1609 3060 1646 3113 ut
1661 3047 1796 3114 effertus
1812 3050 2059 3116 consecrationis
2071 3053 2233 3139 sequatur,

1449 3156 1490 3198 eo
1506 3137 1603 3199 modo
1612 3134 1810 3212 discrimine,
1832 3158 1873 3221 qu
1884 3140 1919 3202 od
1928 3139 2076 3203 nonnulli
2080 3137 2156 3225 striis
2163 3162 2235 3206 otr-

1449 3218 1497 3285 bis
1514 3221 1719 3307 institutionis
1741 3223 2017 3289 consecrationem
2036 3227 2231 3307 adscribant,

1449 3307 1504 3370 alii
1521 3308 1631 3373 ad'illa
1645 3309 1741 3373 etiam
1752 3328 1859 3391 preces
1874 3311 2047 3394 requirant.

1402 3417 1681 3485 Commemoratur
1696 3437 1826 3503 quoque
1840 3419 2052 3484 controversia
2068 3422 2233 3491 Rostochi.

1446 3504 1529 3569 ensis
1549 3504 1608 3569 hac
1630 3504 1694 3588 ipsa
1720 3503 1883 3594 occasione
1909 3506 2046 3590 agitata,
2081 3527 2232 3577 necnon

1444 3612 1516 3656 mos
1531 3590 1773 3666 Lubecensrum,
1797 3592 1852 3675 qui
1868 3592 1962 3658 verba
1976 3591 2182 3662 institutionis
2196 3601 2232 3666 in

1443 3676 1666 3745 distributione
1679 3676 1705 3742 s.
1721 3695 1826 3742 coenae
1840 3676 1968 3762 prorsus
1981 3678 2165 3751 omiserunt.
2194 3707 2230 3774 p.

1348 3871 1419 3954 IV.
1442 3782 1662 3963 Iitzsoff'psicio
1681 3870 1831 3963 misi'otiro
1855 3873 2017 3960 adspergit
2033 3874 2153 3943 Editor
2170 3904 2228 3960 ea,

1401 3983 1474 4048 quae
1495 3964 1536 4026 de
1552 3967 1676 4047 origine
1691 3962 1789 4026 huius
1812 3959 1966 4027 dostrinae
1984 3967 2125 4030 tenenda
2137 3965 2228 4045 sunt,
2268 4034 2270 4037 .
2388 3987 2395 4015 ⁴

1297 4072 1309 4079 ·
1402 4050 1561 4127 rationes,
1586 4069 1645 4114 cur
1658 4068 1719 4112 nos
1733 4046 1895 4115 sententiae
1912 4052 2045 4134 neganti
2067 4052 2231 4118 adhaerea-

1399 4154 1483 4213 mus,
1499 4148 1686 4219 argumenta
1702 4135 1854 4219 denique,
1872 4136 1988 4219 quibua
2004 4138 2161 4222 pontificii
2175 4141 2233 4211 in-

1401 4224 1561 4288 nituntur.
1606 4221 1758 4289 Observat
1772 4221 1876 4307 igitur

1400 4331 1511 4399 Primo
1527 4335 1569 4399 de
1584 4333 1707 4416 origine
1719 4332 1816 4397 huius
1831 4332 1967 4399 erroris:

1444 4439 1482 4528 1)
1505 4438 2224 4529 antiquiffimamecclesramignorafl'emilsam,

1486 4527 1642 4614 sequioris
1658 4530 1787 4593 demum
1803 4527 1863 4593 aevi
1878 4528 1995 4594 soetum
2018 4529 2048 4609 §.
2064 4531 2093 4597 I.

1442 4635 1483 4724 a)
1503 4636 1617 4703 Christi
1631 4636 1859 4703 institutionem
1878 4639 1915 4705 ab
1936 4636 2001 4704 boc
2023 4659 2131 4706 errore
2150 4652 2223 4711 toto

1486 4727 1571 4789 coelo
1587 4724 1700 4791 distare
1724 4725 1755 4803 5.
1771 4723 1816 4790 ΙΙ.

1441 4831 1483 4919 3)
1506 4835 1593 4899 iuxta
1602 4823 1742 4900 ¹eandem
1759 4833 1889 4919 prorsus
1911 4853 2059 4901 noemam
2074 4838 2222 4907 euchari.

1482 4920 1571 4986 stiam
1586 4920 1645 4987 sec.
1662 4920 1739 4984 IIdo
1755 4920 1847 4986 fuisse
1863 4921 2053 4987 celebratam
2078 4925 2108 5004 §.
2125 4925 2186 4993 III.

1436 5025 1478 5115 4)
1502 5032 1634 5094 eandem
1657 5028 1748 5093 fuine
1771 5030 1932 5112 publicam
1954 5030 2141 5098 sententiam
2163 5053 2221 5102 ur·
2260 5071 2295 5166 q

1481 5138 1544 5201 que
1557 5120 1597 5182 ad
1611 5116 1674 5181 sec.
1691 5113 1768 5182 XV.
1793 5116 1824 5195 §.
1841 5115 1902 5184 IV.

1435 5224 1477 5313 5)
1500 5226 1676 5395 nquitqteqn
1690 5223 1788 5297 mine
1805 5224 1992 5296 euoenon
2012 5229 2220 5300 demonstrari
2248 5233 2250 5243 '
2337 5271 2351 5288 .

1479 5333 1568 5400 poe
1671 5358 1681 5383 .

1272 5455 1305 5537 χ
1403 5419 1502 5509 Por

2036 5422 2222 5515 omo.
