5375 6209
827 496 832 504 ¹
867 564 939 639 nn
961 554 1706 687 rnen-ssunsrrurrrorroun

2100 612 2174 687 aoy

368 749 461 847 p'otis
481 741 618 833 Christi,
645 750 784 821 nonerit
809 743 1115 822 transsubstantiatus
1131 749 1165 819 in
1186 772 1259 820 cor·
1310 758 1360 812 cer
1383 743 1466 811 inter
1492 763 1610 835 panem
1644 744 1972 838 communicantem.
2007 765 2044 833 &
2071 789 2189 866 eorpus
2277 837 2280 842 .

371 872 432 945 pus
441 846 585 925 Cbrilli,
611 844 670 918 nisr
687 843 853 944 fortequis
865 846 973 921 dicer'e
990 850 1074 933 velit,
1088 844 1256 925 κοινωνίαν
1309 839 1431 910 Christi
1447 844 1736 922 ⁰0¹¹¹¹1¹u¹¹50²fflr¹¹·
1787 848 1881 923 Panis
1896 858 1933 924 &
1946 879 2062 955 corpus
2072 867 2192 944 Cbriiii

372 962 486 1017 notare
513 942 901 1019 transsubstantiationem.
950 947 1089 1048 Qando
1111 952 1144 1019 in
1166 963 1257 1019 corn-
1308 938 1380 1010 sunt
1395 963 1497 1011 unum
1515 934 1738 1016 sacramentale
1754 967 1887 1045 propter
1906 958 2084 1052 unionem3
2109 970 2190 1041 inre·

370 1042 472 1141 plexu
485 1040 537 1115 seu
553 1046 681 1143 integro
696 1043 839 1143 quodam
852 1045 922 1116 duae
934 1070 983 1118 tes
999 1044 1092 1127 sunt,
1116 1071 1256 1144 quarum
1307 1041 1371 1108 rim
1385 1055 1490 1110 tamen
1501 1087 1516 1117 ,
1544 1043 1619 1137 quia
1634 1046 1723 1137 panis
1740 1042 1939 1122 essentialiter
1957 1080 2025 1127 non
2045 1081 2189 1140 mutatur

370 1142 522 1241 qualibet
546 1141 635 1213 suum
660 1168 782 1240 nomen
808 1170 845 1216 ac
867 1143 1093 1219 definitionem
1118 1149 1253 1222 retinet,
1306 1139 1340 1206 in
1362 1160 1479 1232 corpus
1493 1138 1636 1215 Christi,
1661 1165 1721 1215 nec
1736 1148 1986 1240 corpustrilli
2002 1160 2035 1227 in
2054 1184 2174 1256 panem

369 1264 451 1316 tunc
467 1263 533 1312 non
556 1242 598 1311 ell
615 1238 700 1310 faria
719 1245 809 1312 unius
827 1243 1006 1314 inalteram
1025 1242 1253 1315 transsubstan·
1307 1233 1360 1305 sed
1376 1258 1506 1306 manent
1522 1236 1675 1309 distissslae
1695 1262 1835 1323 narurae,
1858 1246 1934 1321 inde
1955 1259 2044 1347 panis
2068 1222 2186 1336 dicitu}

368 1341 491 1418 tiatio,
519 1338 572 1411 led
588 1345 749 1434 utriusque
762 1344 849 1410 unm.
899 1342 952 1411 Sic
967 1346 998 1411 in
1018 1341 1149 1438 persona
1158 1341 1253 1411 Chri.
1305 1337 1565 1406 communicatio
1581 1342 1724 1435 corporis
1743 1340 1888 1420 Christi,
1912 1372 1980 1418 non
1999 1373 2104 1428 autern
2114 1387 2184 1434 mu.

370 1438 408 1508 sii
435 1434 507 1508 sunt
530 1438 598 1510 duro
624 1462 769 1515 nature,
804 1463 938 1536 quarum
967 1441 1115 1537 quaelibet
1140 1444 1252 1511 retiner
1305 1432 1441 1503 taturiss
1472 1458 1587 1532 corpur
1615 1435 1754 1514 Christi,
1787 1440 1837 1511 vel
1862 1438 2061 1539 penetraliter
2079 1454 2184 1552 ipsum

371 1535 459 1609 suum
475 1563 599 1609 nomen
617 1562 653 1607 ac
671 1532 904 1610 definitionem.
958 1543 1045 1636 Ergo
1063 1563 1124 1608 una
1138 1556 1251 1609 natura
1303 1528 1558 1627 corpnstristi.
1608 1534 1766 1609 Breviter:
1790 1543 1949 1634 apostolus
1972 1544 2116 1644 loquitur
2138 1556 2182 1630 de

370 1660 438 1706 non
456 1634 500 1705 eli
525 1631 679 1707 conversa
696 1636 730 1702 in
741 1632 887 1711 alteram,
904 1633 957 1707 sed
972 1635 1055 1708 facla
1072 1638 1249 1710 est'utrius·
1303 1626 1357 1697 tali
1379 1651 1482 1724 pane,
1516 1632 1572 1729 qui
1591 1624 1771 1732 frangitur,
1798 1640 1892 1733 quod
1911 1638 1984 1715 solis
2006 1652 2181 1727 accidenti.

369 1736 532 1833 queunio.
583 1735 767 1804 Inlromine
785 1729 941 1804 luntduae
962 1742 1086 1834 partes,
1111 1761 1247 1834 quarum
1303 1726 1362 1798 bur
1375 1751 1442 1797 1¹0ss
1458 1733 1632 1818 convenit3
1657 1734 1748 1803 illum
1762 1760 1879 1831 panem
1896 1760 1991 1813 vocat
2012 1751 2181 1830 mimine

367 1830 517 1928 quelibet
541 1836 657 1903 retinet
686 1825 776 1901 suum
807 1842 980 1906 nomen&
1011 1831 1248 1924 definitionem.
1302 1829 1470 1919 corporis,
1486 1852 1563 1914 ,non
1583 1822 1782 1903 essentialiter
1806 1832 1908 1931 ipsum
1932 1866 2072 1941 corpus:
2096 1876 2181 1947 prae-

364 1933 457 2027 Ergo
473 1936 581 2003 anima
604 1956 672 2000 non
697 1935 894 2002 convertitur
915 1937 947 2002 in
974 1959 1112 2031 corpus,
1138 1929 1189 2002 secl
1212 1933 1248 2002 fir
1301 1926 1423 1998 mittit,
1451 1923 1583 1996 calicem
1596 1920 1659 1998 elle
1674 1931 1838 2007 κοννωνίαν
1856 1935 2032 2036 sanguinis,
2052 1947 2106 2018 ubi
2121 1974 2181 2046 per

362 2034 533 2128 utriusque
558 2032 647 2100 unio.
699 2033 774 2126 Jam
805 2055 882 2101 vcro
910 2036 942 2099 in
962 2028 1046 2102 sacru
1070 2026 1248 2104 coerrasunr
1301 2020 1432 2093 calicem
1457 2047 1585 2119 verum,
1605 2052 1671 2097 non
1699 2028 2025 2109 transsubstantiatum
2047 2045 2179 2121 calicem

364 2126 436 2199 dun
452 2152 529 2209 res,
555 2151 689 2225 quarum
715 2126 862 2224 qualibet
882 2124 975 2200 suum
1000 2156 1141 2207 nornen,
1167 2127 1248 2200 dell·
1300 2118 1464 2217 intelligit·
1513 2126 1603 2221 Ergo
1620 2132 1726 2223 &per
1739 2152 1857 2224 panem
1875 2160 1941 2205 non
1954 2139 2179 2218 transsubstan-

364 2228 526 2301 nitionem
544 2234 739 2301 &naturam
754 2230 885 2307 retinet,
911 2247 944 2295 ut
962 2226 1000 2297 ex
1013 2233 1113 2301 verbis
1124 2226 1243 2296 Chrilli
1298 2217 1364 2285 elati
1376 2222 1466 2313 priris
1474 2223 1669 2303 accidentia,
1693 2223 1748 2300 sed
1759 2253 1869 2303 vetum
1883 2257 1998 2330 panem
2010 2239 2170 2343 intelligit.

365 2334 408 2398 διι
424 2326 512 2397 Paule
525 2322 657 2397 conllar.
710 2328 797 2421 Ergo
810 2352 876 2396 non
893 2324 928 2394 fir
943 2323 1247 2397 transsubstantiatio

364 2423 415 2495 vel
429 2421 593 2495 ellenrialis
606 2420 802 2502 converlio,
828 2422 880 2495 led
894 2426 970 2492 unio
987 2427 1145 2518 quadam.
1179 2423 1247 2493 Ubi
1347 2407 1386 2511 b·
1414 2412 1598 2493 CXXVII.
1624 2425 1735 2517 Atque
1748 2425 1815 2496 baec
1828 2424 1901 2500 sunt

364 2522 475 2593 locum
493 2524 587 2594 habet
605 2525 651 2590 rei
666 2527 757 2591 unius
773 2530 806 2593 in
828 2522 959 2592 alteram
982 2524 1171 2599 conversio,
1200 2522 1252 2591 ibi.
1298 2508 1366 2581 duo
1401 2515 1584 2609 principalia
1604 2541 1810 2614 argumenta,
1836 2530 1907 2620 qui·
1953 2532 2004 2609 ν.)
2027 2533 2177 2620 Transfirb-

363 2620 463 2692 altera
477 2648 543 2692 non
561 2619 736 2717 potclldici
752 2622 877 2691 alterius
894 2618 1052 2695 retrusio.
1103 2624 1245 2718 Sicaqua
1298 2610 1354 2680 bus
1374 2607 1567 2706 figmentum
1580 2610 1906 2694 transsubstantiatio·
1946 2612 2094 2685 staturam
2125 2639 2176 2699 pu·

364 2723 400 2789 in
416 2723 534 2818 nuptiis
555 2722 721 2787 Cananaeic
739 2725 771 2787 in
785 2727 900 2792 vinum
917 2718 1066 2791 conversa
1086 2745 1155 2789 non
1172 2738 1244 2815 pot·
1293 2712 1346 2777 nis
1374 2731 1628 2804 oppugnamus,
1669 2713 1904 2791 addernuraia
1949 2708 2175 2852 yls'isissfm'

365 2816 498 2890 elidici
527 2816 789 2904 miserimini,
817 2818 1104 2916 seddirituraqua
1135 2823 1243 2886 vinum
1297 2808 1907 2909 minuspritrcipnlia‚Arg,111,Q10d.
2002 2790 2022 2851 g
2101 2799 2137 2837 η’

363 2908 463 2995 facta,
477 2919 722 3015 quandoautern
740 2918 810 2986 duae
824 2943 871 2987 res
887 2917 1243 3013 dillintlremodoquo-
1297 2927 1424 3000 cunque
1440 2907 1562 3001 dogma
1586 2932 1707 3010 pugnat
1734 2942 1807 2988 curn
1830 2943 1906 2989 ana-

364 3014 440 3087 dam
456 3018 634 3091 uniuntur,
659 3025 693 3086 &
713 3014 800 3086 timul
818 3015 1030 3093 exhibentur,
1060 3035 1134 3084 tunt
1145 3039 1242 3084 unum
1294 3001 1383 3099 logie
1403 3000 1501 3079 fidei»
1527 3010 1560 3075 id
1589 3035 1650 3105 pro
1671 3012 1808 3085 articulo
1834 3015 1907 3089 fi'dei
1925 3017 2034 3091 haberi
2053 3032 2175 3125 nequit.

363 3119 449 3186 reste
473 3113 592 3185 dicitur
614 3119 866 3185 communicatio
888 3116 1023 3184 alterius.
1072 3118 1125 3183 Sic
1152 3111 1243 3182 llatus
1294 3104 1427 3196 Dogma
1444 3101 1797 3183 transsubstantiationis
1817 3135 1938 3210 pugnat
1961 3145 2034 3190 cum
2060 3127 2174 3201 analo·
2286 3183 2289 3194 ‚

364 3212 483 3285 Cbtilli
504 3237 680 3307 corporeus
711 3213 799 3291 recle
815 3215 876 3282 dici
895 3213 996 3308 porcll
1021 3213 1245 3283 communica·

364 3316 410 3382 tio
425 3315 561 3407 Spiritus
576 3310 693 3389 santii,
721 3314 792 3406 quia
807 3319 837 3380 in
852 3322 884 3383 ἀ
903 3338 974 3382 cum
992 3310 1048 3379 illu
1069 3307 1148 3380 flatu
1171 3331 1244 3377 cor·

365 3434 469 3502 porco
489 3409 582 3479 datus
600 3403 660 3476 fult
680 3408 829 3507 apollolis
855 3412 990 3504 Spiritus
1014 3404 1150 3478 sancius,
1169 3405 1242 3490 lob.

365 3508 447 3585 XX.
467 3531 510 3574 22
539 3508 624 3601 (⁴)
676 3507 907 3578 Concludimus
931 3513 1047 3604 igitur,
1074 3509 1162 3600 panis
1187 3529 1242 3572 eu·

361 3606 546 3699 clrarlllicus
560 3607 676 3677 dicitur
689 3610 942 3676 communicario
955 3608 1101 3701 corporis
1114 3604 1243 3675 Christi.

321 3704 331 3720 ²
362 3709 455 3803 Ergo
471 3730 539 3774 non
557 3705 601 3775 cll
620 3698 818 3799 &entialiter
831 3723 965 3776 muratus
975 3708 1005 3772 in
1020 3728 1136 3799 corpus
1147 3702 1243 3770 Chri-

363 3803 410 3873 lli.
463 3802 590 3873 Relatio
621 3800 761 3873 versatur
783 3803 823 3872 ad
857 3806 1029 3874 minimum
1052 3806 1135 3871 inter
1163 3798 1242 3869 duo.

363 3904 431 3986 jam
445 3899 688 3977 veroeorrnrrr'n
704 3903 747 3970 ell
761 3901 891 3970 relatio:
918 3926 997 3997 ergo
1015 3919 1048 3969 ut
1064 3901 1153 3995 panis
1167 3920 1243 3967 vere

365 4002 402 4076 &
425 4006 557 4098 proprie
573 4050 575 4053 -
590 4001 711 4071 dicatur
742 3999 890 4074 κοννωνὶα
919 4003 1066 4094 corporis
1094 3994 1242 4074 Christi,

364 4115 493 4196 oportet
516 4094 578 4170 elle
603 4124 774 4195 acorpore
799 4096 916 4168 Cbrilli
943 4094 1127 4168 dillintlum
1153 4090 1240 4189 quid.

361 4193 646 4301 Qemadmodum
661 4197 807 4268 limitatio
820 4200 863 4267 eli
878 4196 990 4265 relatio
1009 4198 1092 4264 inter
1112 4190 1179 4262 duo
1193 4190 1241 4260 di-

359 4298 494 4380 stintis,
521 4294 668 4366 videlicet
685 4298 868 4367 limitans&
883 4298 1059 4365 limitatum
1073 4316 1083 4361 :
1095 4295 1138 4360 ita
1148 4314 1241 4361 com·

360 4396 537 4469 municario
552 4396 595 4466 est
619 4399 729 4466 relatio
746 4392 911 4465 interduo
932 4392 1100 4494 dillincia,
1127 4385 1237 4460 videli-

398 4685 468 4765 (ἢ)
489 4681 581 4766 Qud
600 4684 712 4766 aliquid
726 4678 781 4740 effe
802 4679 912 4740 dicitur
926 4699 980 4756 per
995 4675 1123 4743 κνιννννίιν
1135 4722 1148 4749 ‚
1167 4691 1235 4739 non

461 4771 501 4833 eli
517 4768 572 4841 id,'
592 4778 673 4854 quod
692 4779 803 4839 dicitur
827 4765 979 4843 navarriam
999 4781 1032 4846 δι
1047 4779 1236 4862 effentialiem

461 4866 594 4944 ideoque
624 4896 684 4935 non
713 4895 766 4955 per
787 4873 941 4937 aerariae,
968 4892 1037 4935 cum
1061 4876 1177 4931 κοινωνία
1201 4869 1237 4935 ὰ

454 4963 573 5030 perseia
594 4966 647 5028 fibi
668 4989 773 5029 mutuo
797 4987 995 5050 opponantur.
1036 4971 1072 5032 ln
1089 4975 1136 5036 illa
1153 4967 1235 5034 enim

461 5045 529 5105 sunt
547 5045 607 5107 duo
624 5051 838 5118 seminicem,
859 5052 950 5116 alter,
969 5050 1018 5109 cui
1037 5052 1238 5133 aliquidconr·

461 5126 645 5195 muniretur,
683 5129 777 5199 alter,
815 5134 868 5209 qui
908 5133 1152 5193 communicatur.
1200 5132 1265 5217 ln,
1308 5180 1314 5191 .

457 5220 575 5290 mariq
592 5224 710 5273 turtum
723 5209 851 5276 elianus
863 5216 930 5275 artu
945 5211 1107 5282 terminus,
1127 5230 1234 5292 nempe

1294 3201 1345 3295 gia
1369 3197 1453 3267 fidei.
1501 3204 1590 3299 Ergo
1605 3230 1665 3301 pro
1687 3210 1824 3280 articulo
1845 3211 1923 3285 fidei
1942 3228 2101 3316 acceptari
2119 3251 2173 3304 ne.

1294 3302 1376 3391 quit.
1424 3300 1587 3392 Minorem
1613 3302 1873 3380 confirmamus:
1912 3315 1968 3402 r.)
1993 3318 2100 3391 Omne
2125 3321 2173 3398 sa.

1294 3414 1497 3465 crumentum
1519 3398 1640 3469 conllat
1660 3404 1760 3475 verbo
1783 3414 1818 3478 δι
1843 3407 2002 3481 elemento
2026 3441 2171 3497 externo.
2284 3440 2288 3447 '

1294 3491 1367 3562 Sola
1392 3492 1570 3565 accidentia
1602 3524 1668 3569 non
1697 3504 1829 3573 veniunt
1855 3513 1988 3580 nomine
2014 3514 2170 3596 elementi.

1291 3593 1380 3687 Ergo
1403 3615 1492 3663 coena
1517 3597 1651 3667 Domini
1673 3625 1707 3669 ex
1727 3601 1896 3699 hypothesi
1921 3609 2170 3694 Pontificiorum
2246 3615 2248 3619 ⁴

1292 3690 1413 3759 carebit
1439 3712 1571 3764 externo
1603 3694 1772 3769 elemento.
1823 3706 1962 3777 Perrillet
1987 3706 2051 3782 buc
2075 3711 2166 3791 loeus

1295 3786 1410 3861 Irenoei
1431 3787 1502 3861 libr.
1525 3793 1581 3864 lll.
1605 3791 1678 3868 adv.
1705 3794 1810 3868 haeres.
1838 3826 1867 3874 e.
1885 3824 1939 3883 34.
1963 3808 2109 3883 Eucrarr
2128 3803 2172 3889 ⁴in

1291 3886 1412 3981 constat
1425 3890 1549 3959 duabus
1567 3894 1680 3979 rebus,
1696 3907 1824 3968 terrena
1841 3897 1888 3974 ἕν’
1912 3906 1980 3974 cole
2008 3911 2027 3977 ν’.
2076 3913 2173 3989 Exci·

1291 3987 1339 4078 pit
1354 3983 1580 4067 bellarminus,
1598 3990 1719 4085 species
1730 3996 1889 4094 serrſsbiles
1903 3998 2044 4097 effiillud
2059 4021 2169 4084 exter.

1291 4106 1370 4151 num
1382 4084 1572 4159 elementum.
1622 4087 1718 4188 resp.
1738 4096 1900 4170 imovero
1920 4121 2086 4179 externum
2105 4110 2170 4185 ele·

1292 4198 1439 4252 mentum
1459 4187 1494 4253 in
1509 4179 1714 4260 sacramentis
1730 4188 1857 4293 semper
1873 4197 1916 4268 ell
1929 4194 2118 4290 substantia,
2133 4236 2170 4285 ut

1289 4295 1374 4375 pater
1389 4303 1429 4350 ex
1442 4280 1641 4358 inductione.
1690 4289 1834 4364 Verbum
1851 4293 2078 4375 sacramentale
2098 4332 2168 4382 non
2264 4375 2267 4380 .

1288 4395 1390 4451 murat
1414 4376 1516 4477 ipsam
1536 4390 1652 4456 externi
1680 4384 1827 4461 elementi
1851 4391 2078 4483 substantiam,
2112 4404 2167 4480 sed
2233 4435 2237 4442 ·

2126 4507 2169 4578 ad

1388 4655 1483 4735 ipsum
1504 4673 1757 4752 transmutatum,
1786 4668 1929 4731 terminus
1954 4690 2053 4739 autam
2078 4700 2161 4765 equa

1388 4756 1451 4797 non
1466 4737 1591 4815 amplius
1607 4740 1666 4806 est.
1688 4742 1735 4804 std
1759 4748 1805 4807 val
1824 4750 1856 4808 in
1875 4750 2004 4815 nihilum
2026 4760 2161 4826 redastua

1388 4825 1438 4924 pel
1465 4828 1497 4887 in
1525 4829 1725 4905 privationem
1752 4836 1862 4923 solunte
1885 4842 1936 4904 ell.
1985 4846 2021 4909 In
2042 4861 2162 4931 manriq

1388 4928 1485 4991 agitur
1505 4932 1665 4998 utrumque
1687 4923 1728 4983 est
1748 4929 1832 5002 panis
1860 4932 1893 4995 ὃν
1911 4952 2033 5014 corpus,
2054 4942 2161 5005 vinum

1335 5052 1337 5054 .
1391 5008 1424 5071 δι
1438 5007 1573 5091 sanguis:
1594 5016 1625 5074 in
1641 5020 1762 5092 μντνσίᾳ
1776 5043 1848 5083 vero
1864 5041 1978 5087 tantum
1996 5031 2038 5092 est
2055 5055 2161 5114 corpus

1391 5087 1424 5154 ὃν
1439 5109 1499 5150 non
1517 5090 1602 5184 smol
1613 5100 1713 5175 panis,
1733 5100 1775 5161 eli
1788 5118 1902 5165 tantum
1918 5107 2035 5191 sanguis
2050 5114 2083 5179 δι
2097 5135 2160 5181 nan

1390 5164 1609 5238 limulvmum.
1652 5180 1925 5251 Germanus.
