5375 6209
302 546 319 675 fi
423 550 498 646 400
537 533 708 681 xboet
729 553 853 635 xxrt
884 554 1143 637 cru-xxti.
1189 537 1755 634 nunctunuct'rrour
1777 523 2172 634 rtturctronutc

559 815 565 831 ,
645 719 648 726 ’
704 738 812 830 vu..)
846 744 891 813 ari
917 690 1058 833 irifideles
1083 761 1148 809 eon
1163 742 1306 833 pertinet
1348 737 1432 811 iuret
1447 737 1499 810 oet
1509 738 1621 809 biberit
1637 736 1759 811 culicem
1773 738 1912 811 Domini
1933 742 2076 838 indigue
2091 738 2166 816 &a
2185 737 2225 812 iit

446 808 655 904 idmst
670 867 689 898 ο
700 840 861 933 promiffio
879 841 1023 937 gratioe.
1070 840 1165 934 Ergo
1189 861 1244 907 net
1264 838 1306 933 fi·
1350 833 1511 932 apollolut
1538 832 1694 932 poculum
1723 838 1968 909 eucharisticum
1991 856 2096 910 vocnt
2117 839 2227 910 colite

433 889 633 1048 ¹2:¹⁰2&
699 936 815 1033 gillm
878 937 1059 1031 otriffiottis,
1074 958 1160 1006 cono
1175 938 1307 1006 domiui·
1352 937 1515 1008 Domini:
1547 933 1592 1002 ita
1612 932 1809 1029 Augustinus
1830 958 1952 1032 panem
1980 934 2225 1008 eucharisticum

702 962 879 1205 ‘elsi
889 1029 1310 1205 rltlttlrlut‘t
1351 1029 2229 1225 tntutrttlnruutttumt

435 1224 625 1328 sanguinem
640 1226 783 1310 Christi,
806 1226 862 1303 sed
884 1252 1011 1303 externa
1024 1246 1148 1301 tantum
1170 1157 1310 1301 elbuen·
1353 1184 1516 1302 cntionem
1538 1222 1647 1323 phrnfi
1670 1225 1806 1301 dedueia
1837 1254 1875 1300 ex
1893 1229 1976 1327 Job.
1995 1228 2080 1308 'Vb
2108 1251 2165 1305 aa.
2186 1231 2232 1303 nbi

375 1364 377 1374 ·
435 1344 495 1408 ta,
519 1330 701 1402 utronllat.
736 1331 829 1425 Ergo
846 1332 878 1399 vi
901 1328 993 1421 hujus
1018 1330 1203 1422 argumenti
1224 1327 1311 1398 indi·
1353 1326 1498 1399 Christus
1514 1323 1657 1399 sevocat
1670 1335 1969 1420 unumpaerem&
1992 1350 2029 1401 v.
2054 1347 2232 1423 nepam

435 1430 493 1526 gni
507 1453 548 1499 ne
565 1429 700 1525 quidem
722 1448 840 1523 panem
859 1429 896 1501 bt
919 1428 1032 1497 uinum
1056 1430 1090 1496 in
1110 1419 1198 1496 sacru
1219 1446 1309 1496 coena
1352 1429 1450 1499 vitoe.
1501 1418 1790 1523 Qemndmodum
1808 1422 2101 1592 ipiturapostulua
2123 1451 2234 1523 perer·

434 1527 623 1622 percipient.
674 1529 820 1597 Dicimus
844 1549 952 1598 autem
969 1527 1002 1594 in
1020 1518 1224 1595 sacramento
1247 1549 1312 1593 εστ·
1356 1521 1454 1596 licem
1484 1522 1625 1595 Domini
1656 1543 1727 1595 non
1759 1527 1825 1594 inte
1836 1519 1908 1619 ligit
1939 1522 2086 1596 nudum
2115 1527 2232 1604 vinum,

435 1646 485 1694 na
497 1626 643 1721 proponi
659 1621 823 1720 duplicem
844 1617 1114 1721 promill‘tonem,
1136 1627 1151 1714 (
1172 1618 1194 1691 fi
1215 1645 1313 1693 voca·
1354 1617 1408 1695 sed
1427 1635 1535 1693 totum
1561 1615 1673 1696 illud.
1710 1619 1802 1717 quod
1826 1623 1861 1690 in
1890 1617 2002 1693 calice
2031 1620 2234 1696 euebaridioo

436 1719 552 1792 bulum
578 1722 788 1815 promistionis
812 1725 846 1792 in
873 1716 961 1795 sensu
988 1717 1097 1794 latiori
1117 1720 1313 1815 accipiatur)
1354 1719 1448 1791 nobit
1465 1716 1659 1795 exhibetur,
1682 1741 1702 1788 a
1722 1742 1790 1814 quo
1813 1714 1941 1815 sanguin
1966 1724 2056 1790 novi
2076 1718 2232 1795 tellemen-

437 1842 539 1892 unum
561 1845 680 1894 vocare
701 1814 866 1913 possumus
886 1819 1063 1914 absolutum
1083 1816 1125 1888 de
1144 1814 1314 1888 substantia
1356 1819 1381 1893 ti
1406 1840 1475 1889 uun
1505 1811 1608 1909 poteli
1625 1814 1783 1888 excludit
1820 1819 1864 1886 ita
1884 1841 2032 1915 quoque
2053 1820 2234 1916 Augullinut

435 1912 779 2015 scilicetnpraesenna
792 1922 941 2015 corporis
953 1943 990 1987 ac
1003 1910 1165 2009 sanguinis
1179 1914 1314 2005 Christi,
1356 1938 1416 2015 per
1436 1936 1556 2010 portent
1575 1913 1714 1984 Domini
1748 1938 1816 1985 non
1850 1914 2012 2081 intellifpit
2033 1918 2166 1989 nudum
2188 1945 2234 2016 pa·

436 2017 507 2092 hac
529 2042 571 2088 ex
592 2041 686 2116 atquo
703 2018 839 2110 pertinet
860 2017 900 2083 nd
925 2037 1039 2083 crimes
1059 2036 1148 2084 coena
1168 2028 1314 2100 utentes,
1356 2037 1454 2089 nem,
1481 2008 1534 2080 led
1554 2005 1647 2081 illum
1672 2036 1788 2106 panem
1805 2062 1820 2089 ,
1843 2015 1941 2114 quie
1996 2012 2158 2092 aeremia
2178 2017 2235 2090 eut·

438 2118 670 2187 rediusautem
683 2130 820 2184 vocatur
835 2110 954 2183 Christi
967 2112 1124 2183 institutio
1137 2119 1170 2183 dc
1183 2108 1314 2182 ordina·
1357 2114 1447 2209 poris
1467 2107 1599 2182 Christi.
1650 2105 1764 2182 Sensus
1783 2134 1863 2205 ergo
1884 2110 1972 2182 dieti
1999 2116 2060 2184 hic
2078 2115 2125 2187 est
2146 2149 2155 2186 e
2176 2115 2236 2188 reli-

438 2216 511 2291 tio,
536 2232 571 2284 ut
579 2217 775 2298 monuimus
789 2206 940 2307 superius.
977 2206 1315 2292 Alteraellrelutiou,
1356 2209 1415 2304 qui
1440 2202 1577 2303 aposloli
1605 2209 1650 2277 ita
1682 2206 1920 2279 manducabunt
1952 2237 2085 2307 panem
2112 2216 2237 2287 euebuti·

438 2308 609 2409 promill'to
634 2306 750 2378 scilicet
773 2310 911 2405 gratiae,
941 2331 1014 2402 qua
1034 2305 1164 2402 quilem
1189 2310 1316 2379 ratione
1358 2309 1497 2393 iritum,
1521 2317 1558 2373 ut
1577 2303 1743 2376 Clrrillum
1767 2302 1892 2402 ipsum,
1916 2333 2055 2404 panem
2082 2317 2175 2390 vita,
2193 2315 2236 2408 qu

418 2413 514 2501 'juris
531 2411 547 2504 (
564 2424 599 2478 ut
610 2408 658 2477 ita
674 2405 813 2499 loquar)
825 2404 890 2478 sne
904 2407 1013 2477 meriti
1024 2402 1104 2476 Chri
1120 2405 1143 2475 li
1164 2426 1316 2476 commu·
1358 2406 1399 2476 de
1417 2399 1501 2475 coelo
1526 2397 1689 2473 descendit
1701 2454 1715 2481 ,
1740 2402 1805 2476 lide
1825 2404 1922 2476 lin-ul
1945 2408 2237 2504 amplecterentur,

438 2509 489 2578 nit
506 2506 620 2576 itidem
642 2502 684 2574 ad
708 2510 823 2576 ornnes
839 2528 879 2575 ex
895 2525 990 2599 equo
1012 2506 1169 2597 pertinet,
1194 2501 1247 2574 sed
1267 2524 1317 2571 ra·
1358 2508 1393 2575 ἀ
1417 2498 1636 2571 fitcmtnentali
1668 2501 1910 2571 manducationi
1940 2500 2156 2599 spiritualem
2176 2533 2236 2580 con·

439 2607 526 2677 tione
552 2596 665 2681 faeti,
706 2598 757 2671 seu
781 2620 942 2686 eventur,
977 2597 1030 2672 seu
1051 2604 1189 2695 propria
1216 2597 1317 2693 culpae
1359 2606 1539 2695 jungerent.
1589 2594 2022 2691 Judaeuetomanducevit
2044 2628 2164 2699 penem
2182 2609 2237 2676 Do·

440 2700 654 2771 excluduntur
678 2695 720 2767 ab
739 2721 775 2769 eu
802 2696 981 2777 increduli,
1017 2700 1138 2794 quippe
1158 2700 1213 2793 qui
1235 2718 1316 2793 pro·
1359 2701 1468 2776 ruini,
1489 2692 1524 2763 id
1543 2693 1612 2770 este
1636 2717 1750 2789 panem
1767 2697 2072 2783 eucharisticum,
2098 2705 2157 2799 qui
2178 2723 2237 2775 eun

297 2851 304 2862 .
440 2795 626 2872 miffionem
661 2793 749 2866 illam
790 2799 898 2891 graiiat
936 2793 1002 2866 fide
1038 2790 1100 2864 fibi
1147 2818 1214 2863 non
1258 2789 1317 2863 ad·
1361 2790 1483 2864 conllet
1502 2814 1538 2863 re
1551 2807 1677 2862 terrena
1697 2788 1895 2874 recalent,
1935 2796 2022 2870 ideo
2044 2825 2121 2873 non
2139 2803 2181 2872 eii
2200 2797 2253 2870 lu*

440 2894 572 2991 plicant.
638 2897 692 2966 Sic
724 2914 803 2987 ergo
842 2888 1037 2963 sacramenta
1071 2914 1131 2986 pto
1166 2891 1319 2961 omnibus
1363 2890 1433 2962 lum
1502 2889 1572 2969 nis,
1597 2888 1649 2960 sed
1676 2897 1776 2961 etiarn
1794 2893 1915 2964 Christi
1945 2919 2107 2993 eorpus,
2127 2909 2183 2972 nee
2199 2915 2235 2966 ta·

441 2992 619 3064 christianin
656 2985 728 3058 lunt
764 2986 931 3068 instituta,
973 2983 1029 3059 sed
1067 3012 1136 3058 non
1168 2988 1320 3059 omnibus
1364 3012 1441 3060 rnen
1483 2986 1525 3058 de
1542 2985 1707 3082 amplexus
1725 2989 1772 3080 eli
1790 2989 1990 3071 Christum,
2019 3014 2060 3066 ut
2080 2995 2237 3072 neaman

441 3087 512 3166 sunt
541 3085 700 3162 salutaria.
743 3084 1039 3170 Quemadmodum
1063 3082 1235 3178 promissio
1262 3109 1319 3156 ev·
1364 3085 1417 3157 tali
1437 3084 1702 3173 manducationi,
1722 3077 1869 3183 exemplo
1895 3086 2116 3190 reliquorum
2131 3089 2234 3191 apclb·

441 3186 558 3283 angelii
606 3186 720 3256 eadem
753 3205 894 3262 manet,
936 3180 1003 3254 srve
1038 3184 1109 3276 quit
1149 3181 1215 3255 fide
1249 3205 1321 3259 eam
1365 3182 1492 3265 lurum,
1509 3179 1706 3275 spiritualem
1719 3192 1945 3284 conjungerer.
1983 3194 2066 3279 ll.)
2092 3189 2234 3264 Liblle.

442 3283 681 3378 atnpleclatur,
715 3277 778 3354 five
807 3284 944 3351 minuet
970 3277 1014 3351 fic
1041 3280 1085 3352 eli
1107 3278 1193 3353 idem
1217 3275 1323 3352 lacta·
1365 3281 1482 3353 dcciv.
1498 3281 1561 3352 Dei
1577 3302 1648 3375 cup.
1675 3305 1729 3361 ις.
1777 3286 1857 3355 Non
1868 3283 2236 3378 fortuitarum*

430 3401 634 3470 mentum,
671 3377 740 3454 five
759 3378 876 3484 dignor
913 3403 956 3452 eo
985 3397 1120 3471 utatur,
1144 3376 1210 3453 live
1235 3378 1323 3453 indi-
1366 3405 1439 3461 ‚tart
1458 3401 1575 3473 eorpus
1598 3378 1735 3473 Ciuili,
1757 3386 1813 3477 qut]
1834 3406 1900 3454 nou
1928 3388 1967 3456 t'tr
1988 3393 2144 3463 membris
2165 3385 2237 3462 ffl-

403 3469 410 3484 ⁸
441 3504 534 3580 gum,
1357 3478 1404 3577 sti
1424 3479 1629 3572 computandi
1640 3478 1739 3572 stunt.
1790 3477 1886 3577 Resp.
1905 3475 2038 3557 dissetit
2053 3506 2167 3560 contra
2180 3508 2238 3570 eut,

1366 3577 1424 3671 qui
1446 3571 1501 3648 fibi
1520 3572 1743 3649 liberationem
1769 3579 1811 3649 ab
1827 3600 1953 3652 aeternn
1974 3586 2055 3675 igne
2084 3588 2237 3684 promitte·

485 3748 491 3761 ,
769 3670 811 3772 5.
846 3670 1041 3752 CCXLVI·
1072 3674 1120 3745 Ex
1145 3671 1324 3770 Augullinn
1368 3674 1469 3753 bant,
1495 3669 1570 3746 ideo
1588 3678 1664 3770 quia
1682 3674 1724 3749 dc
1750 3700 1890 3773 corpore
1911 3686 1951 3752 δι
1981 3676 2236 3784 sanguineClui·

445 3742 669 3873 Dffl‘l‘mm'·
719 3774 818 3844 etiam
840 3774 988 3869 quaedam
1013 3789 1125 3846 contra
1144 3771 1325 3845 manduca·
1371 3773 1407 3843 lii
1443 3771 1700 3868 participarunt,
1736 3774 1991 3872 quomodolibet
2023 3788 2182 3863 vixerint,
2210 3781 2237 3852 d

445 3826 658 3965 ‘mum
717 3875 841 3939 tionem
879 3869 1090 3965 indignorum
1124 3865 1319 3965 proferunt,
1371 3875 1405 3941 in
1425 3891 1616 3967 quacunque
1635 3874 1800 3969 impietate
1822 3871 1976 3968 fuerint,
2000 3885 2087 3979 qnia
2109 3879 2237 3979 scriptu·

486 3984 642 4065 digitorum.
718 3962 771 4037 sed
789 3992 859 4064 que
877 3991 992 4062 parum
1007 3971 1134 4038 roboria
1152 3966 1327 4055 habent‚li
1370 3966 1426 4041 fit:
1451 3970 1518 4063 Qui
1536 3976 1710 4045 manducat
1729 3996 1857 4043 tarnem
1885 3996 1993 4049 meum
2017 3979 2071 4054 ΕΤ
2088 3985 2164 4053 bibit
2176 3977 2239 4074 ser·

718 4066 924 4134 attendantur
942 4089 999 4142 ea,
1022 4090 1090 4163 quae
1107 4089 1145 4136 ex
1165 4057 1236 4161 ipso
1258 4069 1327 4137 Au·
1367 4070 1527 4166 guinem,
1559 4067 1651 4141 lutet
1667 4073 1768 4142 vitam
1780 4081 1980 4145 ottonum
2004 4081 2124 4152 Docet
2142 4094 2238 4153 autem·

425 4159 578 4258 ·gullino
594 4182 656 4254 pto
669 4159 779 4231 nollra
799 4161 951 4232 sententia
966 4158 1107 4255 superius
1122 4162 1328 4241 adduximur.
1369 4170 1503 4263 quinum
1527 4162 1586 4236 bnt
1604 4167 1736 4242 dicendi
1765 4193 1902 4260 revera,
1931 4167 1967 4241 id
1983 4176 2057 4259 est,
2085 4173 2239 4251 uiuente

448 4257 501 4342 l.)
524 4260 637 4332 Tenet.
659 4258 738 4328 LIX.
761 4260 796 4332 iu
813 4259 891 4357 Joh.
915 4283 981 4332 non
1011 4258 1109 4357 longe
1130 4287 1148 4332 a
1170 4265 1329 4359 principio
1374 4255 1582 4338 manducaffe
1607 4292 1726 4365 corpus
1746 4264 1899 4345 Christi,
1931 4295 2001 4344 uon
2032 4280 2096 4373 qui
2124 4274 2189 4352 solu
2205 4270 2241 4342 li·

447 4356 548 4435 dicit,
575 4359 709 4449 Judom
728 4357 927 4455 mondutoffe
943 4384 1061 4451 patrem
1081 4361 1237 4441 Domini,
1259 4363 1331 4433 reli·
1375 4378 1541 4436 eramento
1560 4385 1617 4437 aut
1638 4360 1934 4447 secrottreutntenua
1957 4376 2241 4450 manducaverunt.

447 4478 536 4548 quot,
563 4456 718 4546 apostolos
752 4457 954 4551 munducoffo
985 4482 1103 4548 ponem
1138 4461 1330 4535 Dominum.
1375 4456 1504 4558 poliunt
1526 4462 1614 4534 enim
1635 4467 1705 4537 hoc
1723 4458 1828 4537 facete
1847 4467 1947 4537 etiam
1972 4472 2020 4541 im
2052 4476 2110 4553 ii,
2135 4463 2242 4566 sedqui

338 4643 345 4654 ·
447 4550 542 4649 Reip.
559 4553 601 4628 td
620 4561 815 4632 motto'ttcore
826 4565 946 4650 ponem
962 4557 1098 4627 Domini
1118 4561 1267 4654 exprimit
1282 4554 1331 4630 la·
1375 4563 1409 4629 iu
1435 4557 1502 4631 fide
1523 4557 1645 4635 Christi
1663 4559 1884 4668 perseverant.
1934 4569 1989 4639 De
2017 4498 2241 4669 lpieirualilssl·

356 4709 358 4714 .
449 4652 680 4720 eramentnlmn
705 4651 986 4726 manducationem
1012 4653 1270 4752 phrastdcdusta
1291 4683 1331 4730 ex
1375 4680 1428 4734 tur
1449 4667 1486 4731 dt
1506 4657 1606 4742 utili,
1631 4686 1699 4733 non
1728 4658 1769 4732 de
1789 4655 2012 4738 sacramentali
2042 4669 2242 4744 ,nundinia

454 4748 722 4836 rCor.X1.a7.
749 4754 939 4850 Quicunque
960 4758 1198 4830 oranducaurrir
1206 4780 1330 4857 ponem
1374 4781 1415 4834 ne
1434 4755 1576 4835 tractat,
1612 4786 1673 4838 nec
1704 4757 1911 4838 substantiam
1937 4764 2011 4842 cibi
2042 4765 2241 4847 summeuu·

426 4897 428 4904 .
630 4897 633 4901 .
2199 4863 2241 4938 lin

542 5029 699 5105 'ponende
741 5031 834 5096 Edere
863 5051 970 5112 eorpus
992 5033 1098 5097 Christi
1121 5032 1333 5096 sacramentali·
1479 5054 1524 5102 ter
1541 5040 1574 5105 δι
1594 5040 1682 5103 edere
1698 5040 1861 5114 judicium,
1880 5049 2036 5111 contrarie
2051 5041 2242 5128 opponuntur

554 5124 599 5166 rer
614 5111 647 5172 dt
663 5109 751 5171 edere
761 5116 926 5185 judicium,
944 5116 1013 5176 teste
1024 5114 1172 5192 apostolo,
1189 5137 1249 5177 non
1265 5117 1332 5177 sunt
1477 5139 1542 5201 quat
1552 5120 1638 5186 fimul
1651 5123 1800 5186 consulere
1808 5131 1979 5205 nequeunt.
1990 5131 2240 5195 Gutturartuut·

554 5195 712 5256 contraria.
751 5196 789 5254 At
805 5199 893 5257 edere
913 5214 1018 5276 corpus
1041 5196 1150 5260 Christi
1174 5195 1333 5279 spirituali·
1413 5253 1419 5274 ,
