5375 6209
401 517 500 654 'tbi

459 762 461 766 ’
528 755 817 819 ntrrinmronrn
848 752 912 816 atr.
931 752 974 819 n.
998 752 1073 835 epar.
1092 776 1158 834 447.
1219 756 1304 841 Qu,
1354 739 1362 762 ·

1074 516 1611 676 torinneium..
1796 579 1803 588 ·

532 835 584 914 ipfi
611 841 744 899 Maur.
765 838 970 899 Luruuuo
998 833 1160 916 noslratque
1184 837 1305 899 ecculiae

459 981 464 986 ,
531 919 659 978 eundern
684 919 831 995 imputant
848 917 983 977 nonnulli
1001 934 1036 972 ex
1061 936 1151 977 coetus
1174 917 1304 981 Romani

534 997 725 1064 doctoribus,
755 998 903 1073 speciatim
932 1000 1111 1059 RouERT.
1132 989 1306 1059 Buccill-

533 1091 610 1136 ΜιΝ
620 1092 642 1139 υ
652 1093 683 1142 s,
716 1074 780 1135 libr.
797 1074 855 1138 ΠΙ.
871 1079 904 1136 de
912 1076 1169 1155 soctueucborillia,
1185 1075 1304 1157 cmxl.

532 1155 643 1219 Verum
664 1174 817 1234 perperam
846 1156 902 1217 hoc
927 1158 1008 1224 sieri,
1037 1159 1201 1219 luculenter
1225 1177 1307 1217 com·
1381 1173 1384 1180 ’

534 1236 674 1314 probavit
698 1234 899 1304 Batauus,
920 1239 975 1295 loco
996 1243 1117 1304 excitato
1135 1240 1162 1316 i.
1179 1235 1304 1304 XXIV.

532 1314 696 1407 nollroeque
717 1315 837 1378 ecclesa
861 1318 1013 1396 theologos
1040 1318 1183 1380 abhorre
1201 1337 1303 1379 errore

532 1414 652 1476 penitus
667 1396 843 1464 abliorrere,
865 1395 949 1475 supra
967 1400 1049 1464 reste?
1067 1400 1186 1461 monuit
1208 1398 1302 1457 Gan·

533 1489 722 1538 nunnus.
770 1475 956 1539 Occasionem
975 1478 1128 1539 calumnie
1153 1477 1223 1541 huic
1237 1494 1307 1555 prae·

532 1552 782 1617 buissevidentut
817 1557 1002 1623 articulatim,
1015 1578 1092 1626 ctam,
1106 1558 1177 1637 fieb,
1199 1556 1308 1640 quib'ue

424 1645 433 1652 '
533 1655 632 1700 tamen
661 1632 700 1695 ad
725 1654 783 1713 ptae
796 1638 905 1698 entiam
933 1637 1039 1697 realem
1068 1636 1310 1717 exprimendam,
1369 1675 1372 1680 -

528 1717 706 1795 uunquam
722 1734 795 1777 vero
813 1716 850 1793 ad
864 1718 984 1779 localem
1002 1717 1193 1780 inclusionem
1203 1714 1313 1855 spuiti-

530 1794 671 1863 cendam,
698 1793 837 1857 usrsunt
868 1797 988 1860 ecclefiae
1023 1797 1127 1860 nostre
1158 1799 1309 1873 theoogr,

531 1876 584 1962 qui
593 1876 785 1953 ipsosveterie
795 1874 1057 1939 ecclesraedociores
1075 1880 1231 1955 particulas
1241 1875 1307 1935 illas
1361 1891 1367 1900 ‘

522 1952 721 2030 'adbibuiffe,
743 1956 945 2017 ostenderunt.
985 1958 1104 2018 Fadum
1129 1958 1185 2019 boc
1197 1959 1232 2018 ab
1250 1955 1311 2031 ipso

538 2039 566 2101 G
577 2050 595 2097 ε
605 2049 627 2095 κ
637 2028 750 2095 HARD
756 2052 780 2126 9
794 2040 822 2114 §.
832 2033 916 2101 XCV
922 2035 983 2099 I-de
985 2033 1143 2114 stercona,
1152 2035 1308 2118 p.ta‘a.seqq.

532 2113 868 2194 &postmndemalo
888 2116 1038 2177 Boura.
1059 2118 1307 2181 caurzovro
1368 2161 1371 2165 -

533 2200 567 2257 in
584 2192 680 2273 ifttgeg.
699 2191 735 2252 aii
746 2189 953 2284 libratfinabal.¹
971 2215 1000 2275 p.
1013 2193 1075 2275 345ss
1085 2199 1157 2281 siqq.
1171 2200 1306 2291 aliisque.

533 2278 632 2360 Qrem
650 2272 826 2342 admodum
842 2296 916 2337 vero
935 2280 1148 2358 impanatioaem
1169 2279 1311 2341 reiicrunt

537 2353 631 2417 nosiri
650 2351 804 2438 theologi,
823 2360 865 2419 ita

487 2497 489 2504 ,
573 2433 610 2494 11
612 2436 626 2510 )
646 2452 700 2494 nec
713 2425 1119 2520 constiliatttiatianernmuam
1135 2435 1315 2505 rocamad-

533 2511 709 2576 mittendam
723 2513 778 2577 effe
796 2517 923 2579 censent.
965 2518 1170 2583 Diversrmode
1189 2516 1312 2602 quidem
1328 2579 1338 2590 .

532 2593 710 2656 vocabulum
733 2595 790 2658 hoc
817 2598 908 2675 accipi
929 2597 1011 2658 solet.
1053 2600 1209 2662 Interdum
1230 2596 1312 2655 enim

532 2683 768 2761 tumultun,
798 2694 846 2755 seu
862 2694 984 2753 localem
997 2691 1127 2753 duorum
1147 2706 1307 2770 corporum

533 2774 763 2841 onerationem,
785 2772 935 2834 interdum
957 2788 1055 2831 autem
1072 2774 1228 2853 utriusque
1246 2789 1312 2829 cor·

534 2854 616 2932 poris
639 2857 855 2912 commixtionem
892 2851 1031 2928 denotat,
1058 2871 1117 2932 que
1139 2854 1221 2928 panis
1242 2867 1312 2910 cum

535 2948 677 3007 corpore,
697 2932 736 2995 &¹
747 2933 852 2993 vinum
862 2948 929 2991 cum
945 2930 992 2992 san
1041 2931 1088 2991 ine
1104 2933 1136 2994 in
1150 2949 1238 2992 unam
1249 2927 1314 2988 sub-

535 2999 691 3077 stantiam,
713 3009 762 3072 seu
773 3009 906 3076 massam,
925 3009 1063 3071 coalecerc
1078 3012 1215 3093 fingitur.
1257 3007 1315 3069 Sed

410 3098 417 3106 '
536 3089 710 3152 inneutrasr
734 3085 1316 3166 nilicatioue,eccleliaenosltaetribuipot·

534 3112 1318 3254 estmonslroiumconfitbstantiatienitdogma,cumnec

533 3248 653 3321 localem
669 3250 752 3311 islam
775 3269 935 3327 corporum
952 3247 1081 3312 duorum
1097 3251 1316 3316 cmianuionen,

534 3346 591 3388 uec
609 3334 827 3391 commixtionem
850 3330 997 3410 quandam
1023 3334 1106 3408 panis
1128 3333 1160 3393 bt
1184 3328 1317 3406 corporis

536 3406 665 3478 Christi,
685 3410 855 3550 vinipue&
875 3409 1043 3490 sanguinis,
1065 3409 1191 3470 statuant
1206 3407 1318 3467 Luthe·

537 3488 613 3551 rani.
655 3489 781 3568 Copiae
802 3487 859 3550 hoc
877 3489 973 3566 ipsum
994 3489 1185 3549 ostenderunt
1206 3488 1275 3547 Bar
1288 3501 1317 3545 ε·

537 3580 635 3637 Rus,
656 3569 743 3646 supra
762 3572 820 3631 iam
846 3570 933 3628 nobis
957 3568 1104 3636 laudatus,
1127 3568 1159 3628 in
1172 3567 1317 3644 'peculiari

537 3644 754 3717 dissertatione,
775 3652 808 3713 ἃ
823 3651 965 3711 Duvm
986 3647 1318 3709 Geuruaunusin

539 3731 732 3786 exercitatione
748 3733 810 3788 anti
822 3763 835 3776 -
853 3728 988 3793 Tillium,
1018 3727 1149 3791 Francos.
1168 3729 1200 3791 δι
1219 3724 1319 3801 Lipsrae

536 3801 691 3866 MDCCV
694 3815 702 3864 l
711 3812 732 3867 l.
749 3807 848 3876 edita,
867 3809 958 3886 inque
975 3812 1041 3866 aiiit
1052 3810 1189 3867 eruditor.
1198 3805 1236 3868 ad
1247 3824 1316 3864 anu.

537 3880 728 3952 MuccVn.
764 3906 792 3966 p.
815 3909 876 3966 347.
896 3900 972 3967 Jeqq.
991 3888 1143 3950 'adcurate
1171 3884 1317 3947 recensita.

540 3963 659 4035 Quibus
679 3969 765 4052 iungi
784 3986 914 4028 meretur
936 3966 967 4025 b.
981 3968 1143 4030 Bunnur
1153 3966 1258 4045 sylloge
1276 3984 1319 4021 re·

538 4042 747 4121 aentiffimaram
761 4050 793 4106 de
804 4047 874 4124 satta
895 4067 969 4107 corna
983 4044 1237 4126 cantroaeaficrum
1253 4062 1317 4125 qua·
1335 4049 1347 4060 ''

574 4142 614 4182 rt.
634 4124 675 4187 ll·
703 4128 843 4210 misceinu
867 4127 975 4206 stratur.
1000 4128 1106 4188 inserta
1129 4128 1257 4206 legitur,
1287 4127 1316 4201 §.

535 4139 678 4270 ffXVll.
695 4224 724 4287 p.
739 4219 783 4284 85.
806 4209 859 4268 ubi
875 4209 908 4270 bl
926 4209 955 4267 in
969 4226 1049 4274 nota,
1072 4208 1167 4268 textui
1180 4205 1317 4269 sublesta,
1366 4248 1368 4252 η

540 4282 676 4347 obsecret
704 4288 751 4347 vir
773 4287 969 4356 dostiffimue,
993 4327 1012 4355 „
1031 4309 1098 4353 eos,
1119 4287 1171 4367 qui
1195 4279 1318 4345 consub-

539 4399 561 4429 η
581 4362 798 4429 llantiationem
836 4367 921 4426 nobis
948 4368 1117 4436 obiiciunt,
1156 4368 1236 4427 inter
1263 4364 1319 4425 alia

546 4479 568 4510 „
587 4444 621 4507 &
640 4464 708 4507 eum
730 4448 763 4508 in
783 4449 872 4508 finem
895 4444 951 4506 boc
967 4444 1088 4515 facere,
1110 4465 1144 4507 ut
1167 4444 1236 4506 inde
1250 4463 1319 4506 con·
1383 4508 1387 4516 ¹

538 4565 558 4596 ,‚
579 4524 697 4587 eludere
723 4529 825 4595 liceat,
844 4547 880 4587 ex
903 4525 1136 4588 scholasticorum
1170 4543 1316 4586 commen·

542 4645 564 4675 „
581 4605 618 4663 ric
631 4607 664 4668 &
679 4606 953 4678 hancsententiam,
974 4623 1007 4665 ut
1018 4607 1104 4674 alias,
1126 4609 1157 4668 in
1174 4602 1319 4666 eccleliam

541 4683 778 4752 „Lutberauarn
801 4705 945 4765 receptam
981 4685 1044 4748 effe.
1086 4689 1165 4749 llinc
1187 4686 1234 4744 vit
1254 4684 1318 4764 qui·

543 4802 565 4832 2,
587 4761 1318 4831 damillustriscnnrsrrrn.Tuonrsrus,

544 4882 566 4912 „
587 4842 661 4904 iuria
682 4848 829 4908 consultus
850 4847 977 4909 Halenfis
1011 4845 1039 4905 b.
1062 4847 1226 4908 Lutberum
1249 4865 1319 4908 con·

503 4937 507 4944 ¹
544 4962 565 4992 „
585 4922 854 4989 substantiationem
883 4930 1132 4990 aGnaurrta
1153 4930 1320 4992 litatio,

456 5016 459 5022 '
546 5042 568 5073 „
588 5002 751 5069 Occaul
770 5007 932 5087 discipulo,
953 5007 1059 5069 celebri
1074 5009 1195 5069 dostore
1213 5006 1318 5067 schola·

545 5123 566 5153 „
585 5083 667 5154 stica,
683 5085 814 5148 didiciffe
827 5090 983 5153 exillimat.
1024 5090 1062 5149 At
1076 5088 1129 5149 Gn
1140 5103 1205 5149 ultr
1215 5102 1233 5146 Ε
1243 5100 1321 5148 [ΕΜ

544 5165 770 5237 tollimur!
783 5205 802 5234 ,-
812 5168 983 5248 theologum
1002 5168 1245 5250 Tubingensem,
1268 5185 1321 5225 uec

545 5282 567 5319 „
585 5243 749 5312 occurit
763 5247 941 5326 discipulum
950 5246 1049 5314 soille,
1069 5246 1317 5315 necconsubssan-

1453 795 1474 826 „
1494 754 1649 816 eletionem
1658 752 1807 827 docuisse,
1826 756 1953 820 ellendic
1966 755 2180 822 Primus
2197 757 2230 820 le

1451 833 1586 916 differtor.
1614 836 1647 896 cie
1672 834 1865 915 consecratione
1891 857 2015 897 aeteram
2042 838 2232 913 eteberpsioa,

1452 935 1517 997 qua
1525 915 1657 992 primum
1669 914 1784 975 seorsim
1791 917 1920 996 prodiit,
1945 917 2043 993 postea
2057 918 2231 991 verofynte·

1451 1000 1539 1078 gnati
1557 996 1586 1054 di
1606 1001 1772 1056 ertatiantem
1783 998 1894 1078 theolog.
1911 997 2017 1058 inserta
2029 995 2090 1058 suit
2108 995 2231 1076 §.va

1451 1093 1554 1157 pm.
1588 1096 1645 1156 eqq.
1687 1078 1751 1153 Jam
1776 1098 1864 1143 vero,
1884 1075 1965 1156 quud

1494 1161 1545 1218 iil
1555 1161 1570 1231 )
1591 1166 1743 1221 notamus,
1765 1176 1871 1234 practer
1888 1161 2099 1237 imperationem
2119 1177 2154 1219 ac
2170 1179 2229 1219 coe·

1450 1235 1725 1319 sttbliamictianem,
1746 1239 1796 1299 alii
1818 1256 1939 1317 quoque
1960 1238 2122 1315 prasentia.
2147 1239 2229 1301 realia

1455 1315 1557 1381 mo'di,
1577 1315 1721 1394 nimirum
1733 1314 1884 1395 adstantia,
1911 1326 2116 1396 augmentatio,
2143 1340 2230 1380 cataco-

1457 1399 1588 1464 mirantia
1601 1394 1634 1457 ἃ
1653 1402 1735 1462 unia,
1755 1417 1770 1457 a
1789 1398 1940 1458 nonnullis
1960 1395 2102 1459 constitui
2124 1401 2229 1465 solent,

1392 1485 1398 1506 “
1458 1495 1512 1537 nec
1528 1476 1577 1536 abs
1596 1494 1628 1533 re
1648 1476 1711 1535 sore
1730 1476 1928 1543 arbitremur,
1947 1474 1968 1535 sr
1988 1476 2025 1538 de
2045 1477 2092 1541 bie
2113 1498 2231 1562 queque

1459 1553 1602 1616 nonnulla
1618 1554 1684 1616 heic
1698 1552 1918 1635 subiungimus.

1498 1632 1703 1712 Adstamtioncm
1724 1652 1846 1702 vocant,
1865 1656 1923 1717 qna
1951 1638 2035 1715 pauit
2062 1637 2228 1719 vinumque

1459 1733 1513 1795 per
1530 1714 1777 1778 consectationem
1796 1734 1862 1776 cum
1886 1736 2011 1795 corpore
2035 1717 2068 1781 δι
2082 1717 2231 1800 sanguine

1439 1805 1442 1812 '
1460 1791 1585 1861 Christi,
1605 1795 1699 1856 immo
1713 1798 1744 1859 δι
1759 1814 1826 1856 cum
1842 1795 1946 1857 divina
1962 1798 2027 1857 eiua
2046 1814 2153 1860 natura
2184 1797 2232 1876 lay·

1459 1872 1598 1956 postatice
1620 1876 1701 1936 uniri
1733 1876 1905 1936 creduntur.
1928 1873 2021 1938 Sunt
2037 1889 2138 1938 tamen
2161 1898 2231 1940 non·

1460 1955 1553 2018 nulli,
1576 1956 1628 2034 qui
1644 1953 1755 2017 huncce
1770 1955 1926 2031 presentie
1940 1956 2025 2016 realis
2036 1956 2165 2018 modum
2183 1958 2232 2018 sub

1442 2038 1655 2112 ,impanationis
1686 2038 1809 2095 nomine
1842 2033 2127 2114 compreliendunt,
2167 2057 2232 2100 cum

1461 2117 1529 2177 aliae
1549 2134 1602 2191 per
1617 2114 1829 2196 imperationem
1853 2114 1973 2176 inclusio
1988 2115 2091 2178 localia
2104 2120 2235 2196 corporis

1461 2193 1567 2257 Christi
1589 2196 1619 2253 in
1640 2215 1714 2271 pane
1737 2195 1937 2277 intelligatur,
1958 2194 1991 2259 ἃ
2005 2198 2046 2258 ita
2067 2196 2106 2256 ab
2124 2197 2235 2257 adsum·

1401 2347 1405 2354 Ι
1443 2271 1759 2356 .tionedislinguaiur,
1780 2294 1859 2336 uteri
1868 2274 2048 2354 supradictis
2058 2293 2150 2354 patet.
2169 2278 2237 2338 Tri·

1430 2392 1433 2400 ·
1462 2356 1534 2416 buta
1560 2351 1618 2412 luit
1630 2353 1690 2415 hcc
1703 2354 1741 2415 de
1749 2355 1918 2432 ‘adsumtione
1932 2355 2075 2416 sententia
2095 2375 2159 2418 nou
2176 2375 2239 2417 tan·

1454 2453 1524 2499 cum
1533 2434 1565 2493 in
1574 2433 1686 2510 synodo
1694 2433 1969 2512 Hierosolpniitana,
1984 2454 2001 2495 a
2015 2436 2238 2499 Doslrsso

1462 2514 1625 2595 patriarcba
1652 2534 1731 2576 anno
1757 2511 1967 2576 MDCLXXll·
1994 2514 2153 2584 celebrata,
2171 2518 2239 2582 Lu·

1463 2610 1514 2657 rit
1524 2607 1605 2655 Eko
1620 2593 1750 2654 eiusdem
1773 2609 1811 2653 ue
1826 2592 1960 2661 adseclia,
1979 2594 2036 2655 sed·
2050 2595 2133 2656 idem
2150 2599 2241 2659 etiam

1462 2695 1499 2736 ex
1514 2691 1605 2734 coetus
1614 2674 1741 2734 Romani
1753 2616 1935 2742 iustoribue,
1947 2691 2054 2750 praeter
2065 2674 2195 2739 Batai
2204 2691 2240 2737 n·

1463 2767 1725 2832 M1NUM,quem
1754 2754 1837 2829 supra
1864 2756 2077 2824 excitavimus,
2105 2754 2241 2819 feremur

1462 2836 1599 2901 Mintur.
1621 2834 1813 2895 uicinus
1832 2834 1864 2892 in
1887 2833 2006 2894 manuali
2026 2838 2239 2920 controversiae.

1462 2916 1528 2975 libr.
1546 2918 1594 2986 ll.
1617 2932 1674 3053 cap.
1704 2919 1763 2975 ιιι.
1792 2915 2093 2981 Mnkunktuus
2112 2930 2168 2982 ue
2195 2935 2244 2981 aa

1462 3093 1543 3154 que,
1563 3069 1672 3155 quibua
1694 3075 1831 3134 nonnulli
1855 3093 1891 3134 ex
1916 3070 2037 3136 ecclesie
2057 3074 2245 3138 Reformacoe

1382 3163 1406 3187 '·
1466 3154 1612 3237 theologis
1631 3155 1715 3213 suum
1739 3155 1927 3230 prebuerunt
1946 3153 2103 3216 adsensum.
2143 3155 2240 3217 Occa-

1464 3231 1575 3293 fionern
1603 3235 1659 3295 illis
1684 3233 1830 3293 dederunt
1853 3234 1943 3295 verba
1969 3234 1998 3294 b.
2023 3231 2243 3305 buruni,

1465 3331 1530 3392 quat
1550 3315 1661 3375 exstant
1684 3314 1716 3373 in
1733 3314 1812 3372 libro
1833 3316 1866 3376 ae
1880 3317 2039 3393 captivitate
2055 3311 2242 3389 Babylonico,

1464 3391 1756 3534 tinnitu
1770 3390 2241 3536 Μ,

1465 3547 1548 3611 facile
1561 3510 1694 3630 pitabit,
1708 3573 1742 3613 ea
1756 3548 1928 3641 neutiquam
1937 3537 2081 3614 unionem
2089 3516 2240 3633 ,nemeti

1465 3630 1545 3688 talem
1567 3652 1633 3691 cunt
1654 3630 1786 3711 personali
1804 3634 1890 3714 plene
1910 3630 2034 3693 eandem
2051 3629 2166 3701 secere,
2192 3633 2237 3695 sed

1463 3713 2114 3855 ¹¹“³''²l¹¹{,‘lllll',‘llllz‘ii‘illl
2128 3733 2233 3854 ‘⁰⁰:35‘

1463 3809 1621 3932 biretim‘eln
1649 3890 1788 3932 neutrum
1808 3872 1977 3938 aboleatur,
2000 3871 2051 3934 sed
2079 3813 2230 3953 utiiblqui

1465 3948 1612 4011 essentiam
1624 3954 1701 4014 suom
1711 3952 1861 4013 conservet
1870 3973 1878 4013 ε
1887 3952 2110 4032 proutuberiuc
2118 3951 2225 4015 ollandit

1465 4030 1537 4092 Bul
1548 4046 1648 4094 ERus
1665 4029 1805 4109 iudtffirt.
1814 4032 1963 4109 supraiam
1970 4029 2218 4114 categoricum.

1505 4112 1550 4172 ud
1564 4117 1824 4192 augmentationem,
1844 4108 2087 4197 fruetuum,
2109 4111 2179 4196 quod
2187 4124 2216 4168 u·

1467 4206 1564 4270 tinet,
1587 4227 1622 4265 ex
1637 4225 1734 4267 mente
1747 4225 1868 4275 eorum,
1888 4211 1941 4289 qui
1957 4212 2084 4272 eandem
2095 4212 2210 4273 statuunt,

1465 4303 1571 4361 corpus
1594 4287 1699 4346 Christi
1722 4285 1948 4365 incorruptibile
1970 4291 2085 4371 semper
2097 4303 2209 4373 augetur

1464 4364 2207 4527 lul'uigillll‘llttlbziiuullll

1896 4487 1905 4516 θ

1467 4525 1513 4583 vie
1533 4525 1741 4586 distribuenda
1759 4524 1888 4592 sufficiat.
1930 4531 2205 4613 Hancceopinionult
2273 4559 2276 4566 ·

1467 4623 1532 4684 quie
1555 4606 1814 4668 manducationem
1832 4607 1980 4687 physicam,
1997 4612 2049 4673 seu
2072 4614 2206 4694 capenam

1447 4704 1522 4744 -eam
1536 4684 1697 4762 supponit,
1717 4685 1869 4764 adoptavit
1883 4690 2025 4768 olimJO·
2039 4688 2206 4755 Diuisit·

2272 4703 2280 4738 l

1466 4779 1491 4824 Ν
1501 4779 1546 4828 vs
1562 4767 1592 4823 in
1608 4764 1784 4843 epistolaris
1795 4762 1975 4841 Zachariam,
1996 4772 2141 4855 episcopam
2154 4762 2207 4823 θ’*
2274 4797 2280 4806 ’-

1467 4866 1580 4911 rorant,
1603 4866 1667 4926 quae
1683 4845 1788 4907 inserta
1804 4848 1845 4908 est
1859 4868 1936 4929 aper.
1949 4857 2014 4914 eius
2028 4872 2093 4914 com.
2107 4860 2124 4916 i.
2136 4872 2158 4935 p.
2167 4845 2207 4913 sil·

1469 4924 1541 4986 edit.
1557 4930 1684 4988 Micia.
1705 4927 1905 5008 LtQiteu.
1947 4932 2207 5015 secutiqooqueut·

1458 5004 1536 5072 *dem
1552 5008 1619 5066 sunt
1638 5005 1775 5067 nonnulli
1795 5028 1832 5067 ex
1851 5010 1976 5080 Grecis,
1997 5033 2124 5093 qnorum
2140 5009 2207 5072 nm‘l

1467 5087 1594 5165 exiguus
1607 5086 1691 5146 valde
1701 5085 1742 5145 est
1755 5106 1907 5149 uumerus.
1922 5087 2209 5155 Recentiorivet⁰²l⁰
2264 5113 2268 5118 ·

1471 5164 1582 5226 huncce
1593 5182 1723 5246 ettotam
1741 5171 1923 5232 nonnulliex
1936 5171 2044 5233 noslria
2059 5165 2209 5239 recoeulll‘

1469 5245 1618 5324 speciatim
1640 5246 1814 5309 Sauouo
1843 5249 2078 5321 Barnun„
2113 5228 2210 5382 quifig

2174 5234 2185 5296 s
2268 5131 2280 5362 l

2133 5635 2145 5648 ἱ

2019 5695 2022 5700 .
2113 5703 2116 5712 1

1932 5747 1943 5762 ἱ
2221 5739 2224 5746 ι

2155 5767 2160 5776 ι

1959 5789 1983 5800 .-
2007 5793 2010 5800 Ι
2081 5793 2116 5820 ...Α
2127 5801 2139 5820 ἶ,
2153 5799 2161 5810 ⁴
2179 5809 2198 5820 na
2212 5793 2247 5820 ’.ἐι
